3192 4967
295 431 318 499 6
746 438 955 488 nauseare.

296 589 433 659 Phaedri
448 586 574 662 Editio,
587 602 642 648 me
658 588 811 658 curante,
828 583 863 645 in
878 582 999 663 vulgos
1013 580 1175 660 ederetur,
1197 578 1389 666 es'quidem

295 694 388 762 hisce
404 692 589 755 occurreret
613 685 781 759 omuibus,
804 690 849 761 et,
875 684 999 747 sideri
1022 692 1154 767 posset,
1175 684 1273 749 novis
1287 690 1391 748 aucta

294 793 511 863 incrementis
527 790 684 873 prodiret.
729 787 863 865 Quibus
879 787 968 852 votis
984 806 1027 851 au
1042 806 1129 851 nova
1146 786 1271 864 Editio,
1286 802 1390 869 quam

294 894 420 979 tinguae
437 894 564 957 Latinae
590 900 626 955 et
652 891 850 954 Literaturae
866 890 1028 971 antiquae,
1059 910 1120 953 nec
1146 910 1214 953 nou
1241 887 1390 952 historiar

295 994 452 1063 literariae
483 994 630 1077 cupidis,
661 994 809 1057 maxime
844 992 1041 1059 Scholarum
1071 993 1241 1075 magistris
1271 988 1390 1064 offero,

296 1099 511 1183 respondeat,
532 1097 573 1160 de
598 1115 641 1160 eo
666 1097 805 1179 quidem
833 1096 987 1161 doctriua
1007 1093 1213 1179 praestantes
1238 1100 1274 1157 et
1301 1089 1391 1229 oequi

163 1188 171 1195 ἱ
295 1219 404 1268 rerum
419 1202 641 1265 aestimatores
656 1217 741 1262 nunc
753 1196 920 1280 judicent.

340 1302 526 1367 Maximam
549 1320 662 1364 curam
684 1302 717 1362 in
739 1320 779 1363 eo
799 1301 912 1382 posui,
934 1306 973 1364 ut
989 1305 1121 1364 textum
1136 1298 1263 1375 darem,
1286 1314 1392 1381 quen·

296 1406 367 1469 tum
383 1402 456 1465 fieri
471 1407 610 1483 poterat,
627 1401 830 1482 castigatum
843 1406 877 1464 et
891 1421 1021 1485 purum.
1053 1400 1127 1466 Etsi
1141 1400 1229 1465 enim
1241 1398 1391 1463 recensio

248 1504 252 1515 ’
297 1503 557 1578 Burmanniana,
574 1502 682 1566 adhuc
695 1523 716 1567 a
727 1504 842 1567 multis
855 1510 1003 1587 receptu,
1019 1503 1130 1567 laudis
1143 1504 1291 1587 palmam
1305 1518 1392 1583 proe·

295 1607 404 1691 ripere
432 1602 605 1667 videbatur
630 1605 786 1688 reliquis;
821 1612 929 1670 tamen
968 1605 1050 1669 milri
1078 1611 1151 1668 erat
1179 1619 1390 1686 persuasum,

297 1706 534 1787 Burmauuum,
554 1706 611 1788 qni
633 1706 732 1770 toties
751 1706 926 1788 vulgatam
945 1707 1124 1772 lectionem
1150 1710 1264 1769 contra
1285 1720 1392 1767 noves

295 1808 459 1875 Richardi
487 1807 633 1871 Bentleii
657 1813 692 1870 et
719 1798 894 1871 Francisci
925 1806 1027 1871 Harii
1059 1807 1269 1891 conjectures
1299 1808 1393 1871 recte
1430 1789 1439 1803 ⁸

295 1911 403 1976 tuitus
419 1916 501 1986 erat,
521 1929 588 1973 nou
609 1928 686 1973 raro
708 1910 779 1974 sine
798 1910 1003 1975 necessitate
1024 1910 1164 1973 eandem
1177 1901 1394 1989 neglexisse}

296 2011 450 2095 aliusque
485 2012 678 2090 Lectiones,
699 2013 832 2097 passim
863 2013 964 2079 etiam
993 2013 1237 2094 elegantiores,⁰
1268 2007 1394 2080 substi-

295 2115 414 2181 tuisse.
459 2112 523 2198 ,At
551 2133 632 2180 vero
662 2136 739 2181 curu
769 2115 974 2195 existimem,
1005 2134 1029 2179 e
1060 2114 1197 2196 vulgata
1234 2112 1393 2177 librorum

296 2215 497 2298 scr-iptorum
523 2214 684 2281 tectione
712 2236 793 2295 non,
815 2218 883 2281 nisi
911 2222 1045 2299 urgente
1072 2216 1286 2291 necessitate,
1315 2230 1393 2277 esse

295 2314 535 2395 recedendum
567 2321 601 2381 et
630 2316 830 2383 Criticorum
858 2337 947 2396 esse,
970 2323 1103 2382 textum
1132 2317 1295 2393 auctoris,
1323 2330 1395 2377 uon

296 2417 409 2499 ipsum
440 2421 613 2479 auctorem
643 2420 839 2497 emendar03
872 2421 1041 2502 vulgatam
1076 2418 1288 2494 Lectionem‚
1321 2416 1398 2481 ubiz

298 2534 439 2597 cumque
455 2534 475 2576 a
491 2514 683 2579 Burmanno
709 2516 780 2579 sine
807 2534 913 2579 causa
932 2519 1105 2581 videretur
1130 2538 1207 2579 esse
1230 2517 1396 2598 neglecta,

296 2617 448 2699 reposui:
472 2634 538 2697 quo
562 2614 597 2677 iu
620 2632 739 2695 genere
759 2615 886 2698 passim
907 2616 1111 2680 recentiores
1126 2616 1286 2689 Editores
1310 2636 1398 2701 prze-

299 2716 437 2781 iverunt.
491 2712 713 2779 Accedebant
737 2715 918 2780 lectiones
945 2715 1084 2783 Codicis
1115 2717 1259 2797 Perotti,
1282 2720 1353 2804 qui,
1374 2738 1398 2785 a

298 2815 467 2881 Dorvillio
494 2816 528 2879 in
554 2816 658 2881 Italia
680 2823 844 2901 repertus,
868 2818 904 2882 in
927 2839 1049 2885 manus
1074 2820 1211 2886 demum
1236 2821 1397 2887 veniebat

299 2915 492 2993 Burmanni,
508 2914 665 2981 Editioue
681 2916 782 3002 huJ‘ns
797 2918 916 3005 majori
935 2940 1014 2986 cum
1038 2940 1128 2987 novo
1143 2921 1404 2988 Commentario.

292 3016 435 3102 jamjam
449 3015 643 3100 impressa,‘¹
656 3019 704 3083 ita
718 3020 868 3104 quidem,
893 3027 931 3086 ut
953 3022 1026 3087 viro
1050 3022 1156 3087 docto
1180 3042 1248 3089 non
1269 3025 1399 3103 liceret,

297 3120 451 3185 meliores
481 3120 563 3183 dicti
593 3119 730 3187 Codicis
759 3122 945 3191 Lectiones
959 3125 1008 3189 'in
1035 3144 1116 3193 suos
1146 3132 1271 3191 vertere
1294 3144 1396 3193 usus.

299 3220 391 3286 Istas
405 3219 506 3302 igitur
523 3219 721 3300 Lectiones,
744 3244 830 3307 quas
849 3225 924 3309 jem
945 3226 1027 3291 olim
1051 3246 1105 3290 me
1124 3228 1296 3311 recepisse
1314 3246 1404 3293 con··
1434 3293 1437 3298 ,

298 3329 378 3400 stet,
399 3342 550 3407 quasque
566 3344 609 3388 ex
627 3331 723 3408 parte
739 3325 797 3390 alii
812 3333 893 3411 post
906 3348 961 3393 me
975 3335 1072 3394 erant
1086 3330 1247 3413 amplexi,
1260 3330 1347 3395 istas
1360 3336 1398 3395 et

297 3423 331 3487 iu
346 3421 411 3489 hac
435 3424 570 3490 Phaedri
585 3426 740 3493 Editioue
755 3429 884 3513 recepi.
927 3428 1040 3512 Atque
1065 3431 1167 3495 etiam
1186 3429 1398 3515 Anonymum

299 3522 715 3615 Nilantii,quem1dicunt,
733 3530 846 3595 denuo
861 3530 1031 3614 diligenter
1057 3532 1296 3598 excutiendum
1321 3551 1397 3597 esse

297 3627 468 3709 putabam.
513 3629 594 3693 Non
608 3650 728 3714 paucae
744 3632 834 3697 enim
848 3635 948 3699 bonae
966 3639 1058 3699 notae
1074 3634 1258 3700 lectiones
1272 3633 1396 3698 fabulis

298 3727 392 3793 illius
407 3728 665 3810 confirmantur:
688 3736 723 3799 et
745 3735 875 3817 passim
899 3735 1006 3803 habet
1028 3734 1225 3816 lectiones,
1247 3734 1397 3801 amultis

792 3984 901 4036 Nom

331 4118 343 4153 ὓ
358 4120 419 4172 Vid.
437 4137 462 4172 e.
484 4138 507 4175 c.
525 4126 571 4178 lib.
589 4140 609 4177 1.
628 4126 681 4179 fab.
692 4130 717 4182 t.
729 4130 754 4179 d.
778 4128 830 4181 feb.
870 4128 960 4181 fab.o.
973 4129 1119 4182 lt.lib.1v.
1135 4128 1188 4181 fuls.
1197 4134 1222 4181 d.
1233 4133 1274 4182 tl.
1285 4137 1313 4179 et
1323 4129 1393 4181 stibi.

299 4199 324 4245 e.
335 4196 359 4247 ι.
377 4194 430 4247 rac.
443 4202 483 4250 ιι.
494 4192 598 4255 'rossa
609 4208 651 4255 ιι.
663 4208 689 4255 a.
700 4208 751 4256 se.
899 4196 1015 4257 smila
1027 4209 1137 4257 urae.

332 4274 421 4327 evm.
439 4276 483 4328 m.
505 4292 525 4331 1.
550 4279 604 4334 ae.
624 4286 664 4335 rs.
680 4288 705 4335 e.
731 4282 777 4335 m.
794 4296 827 4333 ιι.
899 4282 971 4337 ‘sse
993 4282 1073 4334 etim
1096 4282 1124 4333 m
1145 4280 1201 4335 ras,
1222 4286 1247 4333 ι.
1267 4281 1397 4349 summi
