3192 4967
662 418 826 471 ιιιιιιιι.
1248 399 1294 473 le

196 560 319 646 inqui,
333 556 536 628 ‘'Pneum
551 552 841 645 sepoa‘sejanr,
855 580 925 645 qno
938 578 975 627 se
998 560 1180 644 scripsisse
1193 566 1293 631 teste-

198 674 260 741 tur,
287 664 539 745 septuagenario
560 663 719 747 majorem
743 663 848 729 luisse
874 664 1077 747 oportuerit3
1110 663 1200 747 quod
1225 666 1295 731 reri

198 765 383 829 similenou
412 765 554 828 videtur.
600 764 679 846 Ipse
710 766 797 827 enirn
824 764 901 828 Lib.
926 779 978 828 tv.
1006 762 1097 846 Epil.
1112 764 1165 829 16.
1190 764 1295 849 (Epil.

199 864 238 931 L.
255 881 309 929 ιιι.
324 868 444 931 16.17.
459 877 582 931 nostrae
599 860 705 950 Edit.)
719 864 761 929 de
778 884 818 929 se
838 866 993 949 loquens,
1007 865 1058 931 sic
1072 884 1175 930 unam
1188 886 1209 931 e
1224 870 1296 933 suis

198 968 349 1053 patronis
364 969 537 1033 admonet:

477 1128 480 1131 .
544 1069 632 1132 Olim
649 1070 744 1134 senio
757 1068 903 1133 debilem

330 1171 467 1239 Frustra
481 1171 640 1256 adjuvare
652 1168 785 1235 bouitas
795 1171 920 1234 nitetur
933 1175 1003 1235 toa.

130 1333 136 1342 .
200 1272 301 1337 Tunc
319 1294 398 1355 ergo
420 1294 486 1339 non
510 1282 579 1339 erat
604 1294 707 1357 neque
733 1293 848 1350 senex,
864 1291 973 1355 neque
997 1270 1089 1335 senio
1109 1274 1297 1354 proximus.

201 1372 369 1439 Praeterea
397 1378 426 1439 si
456 1376 619 1441 abductus
646 1394 688 1438 eo
718 1381 867 1459 tempore
895 1376 931 1439 iu
953 1373 1144 1448 servitutem
1170 1375 1298 1455 fuisset,

204 1485 340 1558 ceptrum
353 1496 430 1539 esse
445 1496 520 1541 cum
537 1477 636 1540 victis
651 1476 702 1539 rel
714 1474 905 1541 ibraeibus
919 1476 976 1540 vel
990 1474 1108 1542 Bessis
1123 1475 1300 1543 dicendum

201 1576 296 1655 iuret,
312 1580 368 1661 qui
381 1580 512 1644 barbari
528 1581 623 1659 longe
638 1578 856 1642 abAnotoris
869 1576 973 1654 nostri
995 1577 1107 1660 patria
1125 1577 1301 1656 (Macedo-

201 1676 274 1763 nie)
286 1688 375 1743 erant
389 1680 433 1743 ad
448 1680 718 1763 septemtrionem
730 1677 870 1745 remoti-⁹

246 1778 423 1858 Phaedrus,
439 1787 539 1845 aetate
553 1782 671 1864 puerili
686 1788 818 1864 captus,
832 1780 1033 1863 nescio-quo
1046 1798 1141 1857 casu,
1153 1778 1301 1843 Romam

204 1876 397 1965 deportatus
418 1866 571 1963 Adgusto
595 1882 785 1966 imperatori
811 1882 1023 1964 mancipatus
1048 1885 1111 1957 est,
1133 1881 1192 1963 qui
1213 1867 1301 1957 eum,

204 1980 249 2045 cb
258 2000 384 2045 morum
399 1984 599 2066 probitatem
616 1990 714 2067 atque
733 1984 856 2067 ingenii
870 1982 1078 2063 elegantiam,
1093 1982 1190 2044 bonis
1197 1980 1304 2044 literis

204 2082 335 2145 curavit
363 2083 614 2160 instituendum,
637 2090 670 2147 et
693 2084 934 2150 manumissum
960 2083 1112 2147 libertate
1141 2080 1305 2145 donuultt

206 2180 326 2253 literis
350 2189 461 2248 autem
484 2184 616 2249 Latinis
645 2182 765 2249 Romae
789 2184 956 2248 imbutum
980 2182 1085 2246 foisse
1110 2180 1305 2256 Phaedrum,

204 2281 258 2345 uel
285 2302 328 2345 ex
350 2283 437 2365 Epil.
464 2283 505 2353 L.
530 2300 587 2347 ιιι.
614 2284 670 2347 33.
705 2304 756 2367 sq.
779 2283 883 2367 (alias
903 2284 981 2348 Lib.
1005 2298 1057 2345 tv,
1080 2283 1135 2343 25.
1160 2282 1215 2343 33.
1232 2276 1308 2363 34.)

205 2386 318 2463 potest
338 2384 489 2465 intelligi,
505 2406 573 2466 quo
588 2386 664 2449 loco
685 2404 731 2447 ex
753 2386 854 2447 Ennii
868 2383 1018 2461 Telepho
1032 2398 1166 2449 versum
1181 2399 1307 2445 memo·

204 2487 269 2559 rat,
300 2502 401 2561 quem
428 2503 467 2545 se
494 2503 633 2563 puerum
663 2477 830 2564 quondam
865 2478 986 2559 legisse
1016 2484 1169 2559 testabar,
1204 2480 1307 2567 hujus

207 2580 397 2649 maanus:

224 2728 230 2737 .
338 2680 457 2745 Palam
470 2680 591 2744 mutire
603 2679 736 2761 plebeio
750 2678 921 2762 piaculum
935 2682 1001 2744 est.

208 2779 287 2847 Jam
300 2799 382 2844 vero
403 2783 432 2844 si
457 2779 711 2863 perpendamus,
738 2779 915 2863 scripsisse
936 2779 1070 2864 poiitam
1088 2781 1219 2849 tabulas
1241 2784 1309 2851 La·

209 2880 289 2958 tine,
301 2882 325 2945 i.
342 2900 371 2943 e.
388 2900 538 2947 sermone
554 2888 642 2945 terso
657 2887 758 2962 atquo
769 2882 888 2963 polito,
903 2881 1110 2965 eundemque
1122 2904 1220 2949 usum
1233 2904 1310 2951 esse

210 2999 326 3063 genere
342 2980 472 3045 dicendi
487 2982 633 3065 simplici
654 2989 688 3045 et
710 2982 835 3059 faceto,
849 2987 993 3045 vetarem
1018 2982 1238 3047 urbanitatem
1259 3005 1310 3049 ra·
1380 2996 1386 3003 '

210 3078 363 3159 doleutc3
401 3082 461 3144 vix
494 3082 654 3145 credibile
684 3088 748 3157 est,
775 3082 919 3165 aliquem
954 3080 999 3147 ad
1025 3082 1128 3146 talem
1154 3085 1311 3151 sermonis

210 3178 320 3245 Latini
337 3182 489 3265 peritiam
504 3184 630 3247 alicubi
648 3184 822 3267 pervenire
850 3184 1014 3267 petuisse,
1034 3185 1101 3248 uisi
1128 3185 1263 3264 Romae,
1277 3191 1312 3251 et

210 3282 311 3365 longo
325 3284 458 3367 quidem
473 3287 516 3349 ab
536 3288 671 3351 ineunte
696 3287 839 3369 pueritia
864 3294 952 3351 usu!
995 3284 1175 3364 Quomodo
1194 3308 1311 3354 servus

115 3448 133 3466 ,
211 3382 320 3449 iactus
335 3387 382 3449 sit
402 3385 561 3469 Augusti,
576 3388 683 3451 fateor
697 3406 750 3450 me
767 3387 907 3451 nescire.
951 3386 1018 3449 Sed
1040 3386 1176 3450 dubium
1200 3394 1313 3471 potest

212 3502 288 3550 esse
313 3487 454 3563 nullum,
481 3480 657 3551 Octauium
674 3488 861 3569 Augustum
881 3493 1041 3581 nostrum,
1066 3507 1141 3552 cum
1165 3490 1314 3573 perpoli-

212 3586 316 3651 risset
346 3587 451 3651 literis
476 3589 652 3669 ingenium,
687 3590 876 3654 asseruisse
908 3590 1069 3666 libertati,
1100 3597 1200 3672 atque
1226 3591 1312 3655 adeo

214 3683 394 3753 Phaedrum
409 3687 542 3754 Octavii
558 3689 703 3772 Augusti
726 3691 831 3755 fuisse
852 3693 1018 3757 libertum.
1064 3690 1213 3755 inlibris
1226 3690 1314 3754 enim

213 3786 401 3855 fabularum
418 3790 502 3855 Mss.
517 3792 691 3876 expressis
704 3794 817 3858 verbis
832 3792 977 3877 Augusti
993 3800 1134 3857 uocatur
1146 3791 1314 3854 libertast

707 3939 813 3991 NO'l'AE

248 4038 264 4087 -t
280 4030 392 4082 Harlesii
404 4032 486 4093 Netit.
503 4032 614 4086 Literst.
631 4034 707 4086 Rom.
718 4049 745 4100 p.
786 4036 909 4085 ‘Pbadrl
921 4035 989 4099 Aug.
1002 4035 1060 4084 Lib.
1070 4030 1316 4097 secundariuelpit!

215 4110 272 4159 ert.
283 4107 388 4159 Cresius
399 4109 415 4157 Ι.
425 4122 449 4157 c.
461 4112 551 4171 preto.
786 4102 819 4161 V.
830 4112 899 4162 (iud.
915 4111 946 4160 In
956 4111 1006 4159 bis.
1014 4110 1088 4157 Rem.
1099 4115 1166 4171 port.
1176 4108 1196 4157 1.
1212 4121 1240 4157 r.
1257 4106 1313 4159 seb.

249 4190 261 4227 1
277 4182 434 4235 Derbillonii
445 4185 522 4249 Dirp.
532 4186 579 4238 sit.
587 4200 613 4250 p.
623 4201 663 4238 vr.
673 4202 714 4252 sq.
786 4190 828 4237 le.
838 4186 960 4237 ‘Pboedri
968 4184 1035 4247 Aug.
1043 4184 1131 4233 liberti
1138 4182 1315 4250 tiberqrmtur

250 4257 311 4321 tlu
334 4258 399 4310 eod.
422 4260 520 4311 Pithoi
541 4262 669 4329 scripturn
690 4268 745 4315 estc
785 4260 896 4327 explicit
904 4258 1197 4322 frastenestum.
