3192 4967
559 436 631 483 bili.
655 434 709 483 ΙΙΙ.
733 434 929 483 seiunctio.

200 578 358 643 Brevitati
373 582 498 645 nostrae
512 578 689 661 praemium
702 582 738 642 nt
750 577 883 655 reddas,
894 583 985 661 peto,

197 676 298 756 Quod
311 697 349 741 es
363 678 555 760 pollicitus:
578 678 702 741 exhibe
713 676 809 741 vocis
823 676 932 741 fidem.

197 780 373 844 Namvita
386 778 485 842 morti
500 778 635 861 propior
648 783 701 841 est
717 776 884 860 qnotidie:

197 879 242 944 Et
255 872 319 943 lioc
333 880 439 942 minus
454 878 622 961 perveniet
636 878 680 941 ad
695 897 749 943 me
762 879 927 955 muneris,

198 978 277 1057 Quo
291 980 370 1061 plns
385 983 558 1043 consumet
571 979 729 1061 temporis
743 976 873 1041 dilatio.

197 1075 236 1143 Si
248 1079 316 1143 cito
330 1098 399 1141 rem
413 1097 567 1161 perages,
583 1096 663 1142 usus
678 1076 734 1141 fiet
747 1076 894 1158 longior:

197 1176 303 1243 Fruar
316 1177 455 1255 diutius,
470 1178 499 1241 si
515 1178 655 1241 celerius
670 1195 803 1259 cepero.

196 1278 402 1361 Languentis
414 1279 480 1343 aevi
495 1277 575 1342 dum
588 1282 667 1343 sunt
680 1278 803 1359 aliquae
821 1274 984 1358 reliquia,

195 1375 335 1463 Auxilio
348 1378 443 1441 locus
457 1383 526 1443 est:
549 1379 627 1442 olim
641 1378 735 1441 senio
749 1376 895 1443 debilem

197 1476 333 1541 Frustra
347 1476 506 1560 adjuvare
521 1478 653 1541 bonitas
668 1477 788 1540 nitetur
804 1481 862 1539 tua
874 1496 883 1555 3

197 1640 296 1722 l’ostdo
305 1676 333 1721 st
340 1673 431 1721 tribuas
440 1675 569 1723 mdes
577 1674 787 1748 quam'prossisisti
796 1672 909 1723 nauus·
917 1676 1014 1731 mura,
1023 1676 1051 1721 et
1059 1670 1234 1735 mastufidess
1244 1683 1296 1720 uer·

196 1736 284 1785 born.
318 1735 431 1791 Quotidie
443 1737 506 1799 ssim
514 1751 577 1785 mors
587 1751 665 1797 stages
674 1738 793 1801 magisque
803 1738 920 1795 innatet
931 1750 957 1784 eo
966 1733 1140 1783 mismredibit
1149 1736 1181 1783 ad
1189 1747 1295 1795 mepta·

195 1798 251 1858 seii,
260 1813 305 1860 quo
311 1800 365 1860 ptus
376 1801 485 1862 temporis
494 1800 677 1861 procrastinatio
687 1802 751 1851 edet.
782 1800 813 1849 aa·
823 1799 933 1865 conjicias
947 1813 997 1847 rem
1013 1798 1092 1861 citius,
1105 1811 1178 1845 asera
1187 1798 1234 1847 erit
1244 1797 1297 1847 dia·

197 1862 299 1923 tersior,
308 1868 337 1910 et
345 1862 426 1924 potiar
440 1863 574 1925 longisnsi
590 1864 697 1926 inrepere
714 1864 840 1914 marius.
874 1862 1055 1924 Dumrelipsia
1070 1861 1155 1923 aliqua
1166 1860 1227 1910 virs
1237 1860 1296 1925 defi·

196 1925 280 1975 dentis
287 1930 377 1974 mart
387 1925 549 1989 actuosam
564 1927 705 1990 eadm
714 1928 818 1977 mettio:
829 1927 944 1976 mennam
954 1930 997 1976 tao
1007 1924 1165 1975 munna
1175 1922 1296 1973 ambitio

655 2066 834 2089 §occentent

197 2159 1296 2299 titt.tttt3.”ttt.ltttttitstitutus.istitltuttttt

198 2288 337 2337 Salmasius
358 2296 386 2338 et
398 2290 494 2340 'lollius
513 2290 652 2341 emendant
668 2292 800 2352 Brevitati,
822 2293 891 2355 qrrod
909 2291 1024 2356 plurimis
1043 2290 1149 2354 placuit.
1163 2302 1296 2349 premium.

197 2350 261 2400 Fide
272 2351 374 2402 Heinsii
385 2359 413 2401 et
431 2354 504 2402 Brot.
517 2354 543 2401 in
554 2355 606 2404 Ms.
625 2354 697 2403 Pitb.
707 2369 755 2418 pro
763 2355 889 2416 maenium
904 2354 1029 2418 scriptum
1045 2362 1096 2412 est,
1107 2351 1189 2411 mio,
1198 2352 1233 2411 τῷ
1240 2361 1293 2413 prae

197 2415 337 2469 oscitantis
355 2414 455 2463 librarii
473 2416 580 2475 omisso;
598 2417 642 2479 qni
660 2418 755 2479 lapsus,
766 2416 904 2479 judicante
914 2417 988 2467 Brot.
1007 2430 1038 2465 eo
1049 2420 1107 2465 erat
1117 2412 1228 2477 facilior,
1237 2426 1299 2463 cnm

196 2477 298 2527 initium
314 2476 389 2525 linea
406 2483 476 2526 esset
496 2483 541 2527 troe
562 2478 644 2529 mium.
677 2480 828 2530 Recentidri
847 2494 924 2529 mann
941 2478 1147 2543 superscriptum
1168 2477 1202 2526 ni.
1229 2477 1296 2529 Inde

196 2539 337 2589 Salmasius
359 2540 509 2589 emendavit
527 2541 648 2604 nimirum,
665 2542 735 2606 qnod
757 2543 904 2606 languidam
925 2543 1067 2593 cretionem
1087 2540 1175 2589 fecere
1192 2538 1296 2589 videtur

197 2602 353 2660 Bormanon,
364 2603 408 2666 qni
419 2618 496 2665 qnam
508 2603 559 2652 vim
575 2604 619 2654 bie
628 2605 724 2655 babeat
733 2620 783 2655 non
792 2606 873 2657 videt.
907 2605 1052 2655 Gronovius
1064 2604 1172 2667 conjicit
1181 2609 1296 2654 marma.

196 2670 246 2713 -9
262 2667 394 2715 Pollicitus.
428 2666 554 2717 Rittersb.
570 2668 647 2717 scribi
660 2670 716 2718 vult
726 2670 845 2732 policitus
864 2670 980 2720 Frustra.
1012 2668 1081 2718 Vide
1100 2666 1256 2717 Freinshem.
1268 2672 1297 2715 et

197 2729 351 2779 Burm-ll
369 2730 498 2792 perveniet.
530 2731 595 2779 Μαι.
615 2732 686 2781 Pith.
705 2734 777 2782 Rem.
805 2734 841 2782 Et
864 2734 1002 2782 boemiam
1025 2731 1113 2793 omiet,
1131 2729 1296 2779 claudicante

197 2798 300 2851 metro;
315 2793 354 2840 sic
365 2799 450 2840 nmen
468 2791 574 2841 edidere
593 2795 691 2858 Rigalt.
710 2796 837 2845 Rittersb.
855 2796 947 2846 Nevel.
965 2794 1030 2845 Feb.
1050 2794 1167 2844 Freiusb.
1179 2794 1296 2843 Gronov.

196 2854 250 2904 alii.
283 2854 338 2903 Pro
349 2869 398 2929 qno
410 2854 498 2904 Ursin.
510 2853 604 2906 Scbeff.
623 2859 717 2918 Heius.
731 2864 856 2909 revocant
865 2858 994 2922 pmesiet,
1005 2856 1097 2920 quibus
1114 2856 1232 2905 obsecuti
1242 2856 1296 2905 alii.

198 2917 296 2980 Gnyet.
313 2919 432 2967 Mantar.
450 2920 579 2969 Bncbner.
620 2922 717 2971 Harlns
741 2922 885 2971 con‘ieinnt
909 2920 1034 2975 devenias
1059 2917 1104 2965 sed
1123 2916 1243 2979 perveniet
1263 2931 1297 2965 ex

197 2989 285 3030 mente
294 2982 436 3031 Burmanni
446 2983 579 3045 usitatius,
597 2990 627 3032 nt
637 2984 718 3035 ovid.
726 2998 759 3033 ex
799 2990 853 3032 ont.
865 2998 885 3031 1.
897 2987 921 3031 3.
931 2986 972 3031 nt.
1005 2980 1040 3028 Et
1050 2980 1088 3028 ita
1104 2978 1148 3027 ille
1159 2978 1251 3041 saepius
1262 2980 1297 3029 de

198 3044 255 3095 aliis
264 3045 350 3094 rebus.
382 3045 504 3107 Itaapnd
520 3044 721 3096 Jurneousultos
738 3046 859 3108 pecunia,
867 3043 1015 3106 baereditas,
1032 3048 1060 3091 et
1071 3041 1296 3104 similiapersenire

200 3108 233 3156 ad
243 3107 352 3173 aliquem
363 3107 494 3169 dicuntur,
505 3108 710 3165 rarinsdeoesire.
721 3123 747 3158 v.
762 3109 851 3157 Bnrm.
883 3106 985 3157 Gndius
993 3119 1083 3170 perum
1114 3104 1221 3155 robabili
1234 3120 1295 3155 cou-

192 3170 297 3233 jectnra
306 3172 383 3220 ssim
396 3186 441 3220 uss
457 3170 544 3232 omisi,
560 3170 628 3246 qnod
639 3178 796 3235 receperunt
803 3170 915 3237 illaleh.
926 3170 1036 3234 Hoogst.
1049 3169 1084 3218 Di
1105 3176 1142 3217 ot.
1159 3168 1204 3217 sed
1218 3170 1297 3218 vellet

197 3235 361 3284 Burmannus
379 3236 428 3283 hoc
445 3234 539 3283 Latine
553 3233 606 3283 drci
625 3236 790 3298 ostendisset,
799 3250 857 3298 pro,
868 3235 917 3284 boc
928 3234 1011 3283 minus
1022 3232 1113 3281 utendi
1124 3231 1233 3281 muneris
1245 3232 1296 3282 erit

197 3295 319 3359 facultas,
330 3312 380 3361 quo
398 3298 482 3373 magis
493 3293 637 3347 differatur.
669 3299 764 3363 siquis
781 3300 859 3348 venui
870 3297 1031 3347 retinendum
1044 3295 1195 3357 contendat,
1206 3310 1220 3345 e
1236 3311 1296 3346 con·

192 3360 298 3423 jectnra
312 3362 455 3410 Burmanni
465 3362 564 3423 poterit
574 3362 671 3425 legere,
688 3364 724 3411 Et
736 3362 780 3413 hoc
794 3364 871 3412 misus
880 3362 917 3411 tui
927 3362 959 3409 ad
968 3375 1004 3408 me
1014 3360 1091 3409 certia
1106 3360 1217 3409 munem.
1249 3360 1295 3410 Sic

197 3423 281 3472 edidit
289 3423 418 3485 Coningb.
427 3429 456 3472 et
466 3424 503 3473 ita
507 3425 563 3486 jam
575 3424 635 3474 olim
646 3425 732 3475 Faber
741 3426 794 3487 legi
810 3438 886 3488 posse
898 3422 1018 3486 putabat,
1027 3420 1071 3485 qul
1083 3421 1160 3470 etiarn
1176 3421 1296 3497 conjicia-

197 3484 260 3535 bat:
279 3486 314 3534 Et
325 3486 367 3533 boc
382 3485 460 3533 minas
470 3490 494 3532 et
511 3488 589 3534 maus
606 3490 638 3536 ad
653 3502 691 3537 mc
707 3488 784 3537 ueniet
803 3488 913 3549 momnis,
931 3491 960 3535 ut
971 3485 1061 3534 dicunt
1072 3485 1149 3546 mmm
1166 3500 1295 3549 magnaque,

195 3550 276 3613 asinas
295 3548 426 3611 sanum,
443 3544 598 3623 suffragante
621 3550 799 3626 Donato-lt
824 3550 854 3598 st
871 3564 893 3599 c.
909 3563 931 3596 r.
942 3564 969 3611 p.
1001 3548 1122 3623 Neyelet.
1134 3548 1233 3624 edidit:
1258 3550 1294 3599 Et

197 3611 500 3741 diligibilis
526 3610 657 3725 tutu
671 3610 1294 3739 ttf‘tlttttittltt.'tittttu‘lz

196 3738 288 3788 Μαι
302 3738 387 3788 brevis
407 3736 472 3788 facit
488 3737 645 3803 tribrachyn.
677 3738 738 3788 Vid.
756 3738 801 3789 lib.
822 3752 844 3788 ι.
864 3737 916 3788 sab.
937 3743 961 3788 2.
985 3740 1115 3789 Belem—c
1143 3736 1294 3803 ero.·ango

198 3802 296 3864 legitur
315 3815 412 3866 crepero,
438 3816 475 3850 sc.
495 3798 565 3863 irui3
590 3802 635 3851 sed
659 3802 758 3865 placuit
778 3800 916 3852 admittere
935 3753 1294 3873 conjecmrameftittersnusn

197 3879 286 3930 cepero,
297 3879 373 3930 qnam
381 3862 477 3931 probat
494 3866 633 3917 Burmann·
649 3872 678 3916 et
688 3880 764 3931 qnam
779 3872 936 3931 receperunt
950 3866 1046 3931 Rigalt.
1061 3868 1160 3916 Donet.
1176 3862 1294 3915 Fremsb.

691 3957 799 4044 norm

231 4114 262 4160 ll
281 4110 316 4159 Et
329 4110 372 4158 ios
381 4109 460 4159 suess
469 4108 601 4173 mesto]
617 4110 666 4173 [tn
683 4110 726 4159 bor
764 4118 824 4161 est:
842 4108 877 4159 lit
891 4110 934 4159 boc
942 4110 1029 4171 minu,
1038 4114 1062 4158 et
1073 4107 1159 4171 minu,
1174 4106 1293 4159 mind

198 4185 276 4234 nisse
294 4184 384 4247 mot]
411 4184 464 4233 Hic
486 4199 572 4234 versus
598 4186 724 4235 mensuris
764 4185 928 4239 nemum:
944 4184 995 4245 rel,
1016 4183 1050 4232 Et
1066 4184 1108 4233 ltoc
1123 4182 1202 4233 adm
1215 4181 1251 4233 tui
1261 4182 1293 4233 ad

198 4258 250 4307 suis
260 4268 342 4312 earet
372 4258 511 4312 Emendari
521 4260 559 4310 sie
569 4265 656 4312 entem
667 4268 725 4327 pot·
763 4273 802 4309 sse
810 4258 886 4309 mid
895 4256 1008 4309 suerin
