3192 4967
312 416 379 485 1oe
524 430 681 501 ennom
703 428 942 480 rasonnruu
967 424 1193 479 nsorrnrun

313 578 390 646 Neo
404 576 513 660 generi
526 576 642 652 tribui,
657 575 718 640 sed
731 574 863 650 virtuti,
878 573 1028 655 gloriam.

312 676 484 759 Quoniam
499 684 682 761 occuparat
695 678 791 754 alter,
805 694 847 739 oo
860 677 988 759 primus
1002 674 1118 751 forem,

313 779 371 844 Ne
385 780 478 844 solus
491 787 592 856 esset,
608 778 737 859 studui3
760 778 850 861 qnod
867 777 1044 861 superfuit.

312 879 389 947 Nec
404 880 478 945 haee
491 880 627 958 invidia,
643 902 756 945 verum
769 886 822 945 est
837 880 1020 945 mmulatio.
1125 948 1126 953 ,

313 981 447 1062 Quodsi
460 982 568 1047 labori
581 982 702 1047 faverit
716 982 852 1046 Latium
866 1001 956 1058 meo,

312 1082 433 1148 Plures
447 1083 593 1161 habebit,
610 1104 695 1168 quos
709 1088 863 1168 opponat
876 1082 1031 1147 Graeciae.

312 1184 352 1252 Si
364 1186 452 1252 livor
465 1188 652 1252 obtrectare
664 1206 778 1252 curam
792 1185 944 1263 voluerit,
1371 1184 1417 1249 10

309 1400 407 1451 toron
421 1400 552 1464 nobilitati,
562 1403 603 1451 sed
612 1401 709 1451 einum
743 1401 808 1457 Quis
817 1402 880 1465 clins
889 1399 1046 1463 proripuerat
1055 1408 1167 1447 nomem
1180 1395 1281 1461 prim
1290 1396 1372 1445 ursui
1382 1410 1417 1446 ne

305 1464 375 1525 soret
391 1465 475 1514 micae
490 1467 603 1528 scriptor
620 1466 782 1515 Fabulamm.
816 1466 846 1515 ld
864 1478 911 1514 sm
928 1469 963 1513 est
973 1462 1089 1525 innidere,
1107 1463 1147 1511 ud
1161 1462 1275 1511 mnium.
1309 1460 1339 1509 Si
1358 1474 1415 1510 sero

311 1529 389 1577 murs
398 1530 513 1591 aspirarit
523 1544 573 1579 meo
582 1530 667 1592 labori,
682 1531 764 1593 plum
781 1530 832 1593 ipsi
850 1534 919 1579 erest
936 1533 1064 1589 suctores,
1074 1540 1130 1590 quot
1139 1524 1244 1585 oensem
1254 1540 1308 1573 cem
1320 1525 1417 1574 Grecis

310 1594 469 1643 sectoribus.
501 1593 531 1643 Si
545 1594 638 1643 incidis
652 1596 754 1645 coiecit
772 1608 868 1658 corpere
886 1592 1046 1655 diligentium,
1059 1606 1106 1640 nos
1123 1591 1176 1639 ideo
1193 1588 1286 1649 susan
1305 1589 1415 1640 tacitam

776 1716 956 1737 ‘centenno

310 1799 380 1850 sllod
396 1799 497 1850 temris.
528 1800 634 1851 Deinde
647 1802 738 1850 esaon
758 1800 899 1851 mutarein
916 1800 1045 1849 masticat
1060 1805 1151 1848 eontra
1167 1803 1281 1847 mentem
1298 1794 1416 1847 Pnaedrr.

310 1865 375 1914 Vult
385 1865 451 1913 enirn
464 1864 553 1928 polita,
564 1880 616 1915 non
627 1864 766 1928 nobilitati,
777 1880 829 1914 uon
849 1866 945 1927 generi,
956 1870 1002 1912 aut
1014 1864 1106 1928 patrie
1118 1864 1186 1911 hunc
1203 1862 1326 1910 honorem
1343 1860 1417 1911 habi·

311 1935 377 1988 tum,
388 1928 433 1977 sed
449 1929 545 1991 ingenio
561 1930 656 1993 AEsopl,
672 1930 716 1993 qul
735 1930 889 1993 peregrinus
903 1935 931 1977 et
949 1928 1074 1977 barbarus
1095 1926 1186 1977 retulit
1201 1926 1337 1989 honorem,
1354 1925 1417 1974 eolis

312 1992 413 2043 civibus
425 1994 603 2042 benemeritis
615 1992 814 2044 tribuisolitum.
847 1994 1002 2056 Exemplum
1014 1993 1093 2055 igitur
1105 1990 1193 2055 AEsopi
1204 1990 1299 2040 docere
1311 1996 1418 2054 poterat

311 2056 494 2118 Athenienses,
505 2058 572 2106 viam
581 2058 685 2106 honoris
697 2063 788 2121 patere
805 2056 903 2116 mactis,
918 2070 951 2105 ne
970 2070 1003 2104 ue
1020 2056 1124 2105 excludi
1144 2069 1242 2117 servos,
1255 2054 1417 2121 peregrlnos,

311 2120 453 2171 barbaros?
478 2122 566 2171 Nihilo
584 2122 741 2171 veroseclus
756 2134 809 2169 non
824 2132 914 2183 paucae
931 2071 1069 2169 Editiones
1085 2119 1183 2168 habent
1197 2119 1285 2178 cuncti,
1302 2133 1335 2167 ue
1347 2116 1417 2169 derit

311 2200 407 2235 nomen
433 2186 471 2235 ad·
493 2186 589 2234 murat.
632 2186 675 2235 Sic
692 2185 816 2236 Nevelet.
843 2184 988 2246 Rigaltiia.
1013 2181 1139 2232 Scheffer.
1155 2184 1242 2233 Ursio.
1263 2182 1417 2247 Hoogrtrut.

309 2250 420 2300 hallero.
441 2250 555 2298 Brotier.
571 2249 719 2299 Desbillon.
735 2250 829 2299 Didot.
864 2248 971 2297 Bothius
989 2248 1053 2311 legit
1073 2247 1209 2296 Rhenanis
1225 2261 1245 2295 s.
1261 2253 1288 2295 ei
1304 2247 1382 2296 cuncti
1392 2262 1418 2299 o.

309 2312 419 2377 [hoton.
429 2313 499 2362 idem
511 2328 541 2363 ac
554 2328 601 2363 nos
609 2313 747 2378 legit.]-4
756 2314 823 2364 Post
832 2314 900 2363 huuc
911 2326 1010 2361 versum
1022 2312 1048 2360 io
1059 2310 1142 2360 Editt.
1151 2310 1307 2360 Rittershus.
1317 2312 1417 2360 Menrs.

310 2378 425 2428 Gronov.
442 2378 566 2427 Neveleti
592 2379 718 2441 asterisci,
735 2378 822 2427 omissi
849 2392 937 2427 versus
964 2376 1071 2439 alicujus
1091 2375 1174 2439 signa,
1192 2380 1330 2439 apparent.
1362 2374 1418 2424 Sed

312 2441 376 2489 nihil
386 2441 486 2500 deesse,
497 2457 530 2489 ex
547 2444 669 2490 orationis
680 2449 808 2493 contextu
819 2448 931 2503 constat,
939 2480 941 2487 r
949 2440 1105 2490 observante
1116 2440 1172 2502 jam
1184 2440 1244 2488 olim
1259 2440 1420 2501 Burmanno,

312 2504 340 2553 in
349 2505 421 2566 cujus
427 2505 583 2553 senteutiam
592 2512 666 2553 reete
674 2506 787 2555 discedit
794 2506 952 2569 Heusinger.
967 2505 1044 2555 Dicit
1052 2518 1145 2615 nempe
1154 2503 1296 2552 Phaedrus:
1307 2502 1419 2566 AEsopus

333 2564 472 2617 rimusfuit
494 2567 563 2615 inter
580 2567 700 2631 Graecos,
710 2570 755 2633 qui
774 2577 872 2631 praeter
890 2568 1097 2619 ceterosfsbulis
1124 2567 1217 2616 audem
1234 2567 1285 2617 sibi
1296 2573 1418 2631 parerem

331 2629 489 2679 'ncmeritus
501 2630 586 2679 catab
602 2629 805 2681 Atheniensibus
824 2637 947 2683 statuam.
979 2634 1106 2685 Quoniam
1125 2631 1205 2694 igitur
1224 2630 1334 2696 AEsopus
1352 2646 1419 2697 prae·

312 2694 387 2743 venit
396 2708 438 2743 me
456 2695 481 2743 in
493 2692 587 2743 sabulis
604 2694 775 2757 inveniendis,
791 2695 1012 2759 aequolesinae
1031 2698 1130 2759 primus
1148 2695 1218 2744 iuter
1228 2709 1316 2745 omnes
1333 2708 1418 2744 essem

312 2756 458 2807 fabularum
476 2758 604 2821 scriptor:
623 2758 719 2822 studui,
731 2760 801 2824 quod
818 2760 900 2809 solum
919 2760 981 2809 mihi
998 2758 1138 2825 superfuit,
1149 2773 1182 2807 ne
1198 2758 1265 2809 solus
1277 2760 1419 2809 Fabulator

314 2821 403 2872 audiat
412 2820 531 2885 AEsopns.
564 2821 628 2872 Ideo
646 2836 698 2871 non
710 2824 814 2872 occulte
826 2824 921 2885 innuit,
932 2838 959 2873 se
971 2825 1081 2873 similem
1098 2823 1202 2872 landem
1214 2830 1241 2872 et
1258 2826 1391 2887 premium
1403 2838 1419 2873 a

312 2885 389 2936 latio
412 2900 526 2951 sperare.
560 2888 604 2936 Sic
614 2901 651 2935 rs.
663 2891 689 2936 l.
706 2902 764 2936 cum
783 2893 809 2936 b.
833 2887 900 2935 bene
920 2888 1042 2938 cohaeret.
1059 2901 1084 2936 v.
1103 2888 1191 2936 Burm.
1217 2888 1316 2938 Contra
1337 2886 1418 2951 major

312 2950 414 3001 lacunae
430 2950 544 3015 suspicio
555 2959 594 3001 est
611 2950 680 3001 infra
688 2959 747 3014 post
759 2966 797 3001 vs.
810 2954 907 2999 11.-⁵.
917 2956 942 3000 fl.
969 2952 1001 3001 In
1013 2952 1065 3002 Ms.
1077 2952 1149 3001 Pith.
1160 2952 1202 3002 bic
1213 2952 1283 3001 locus
1293 2952 1332 3000 lta
1348 2952 1418 3001 exhi-

312 3013 405 3065 betur:
423 3015 541 3071 Quonium
548 3021 672 3078 occuparet
682 3018 752 3077 ulter,
763 3015 889 3079 reprimas
895 3013 972 3078 foret,
981 3018 1031 3065 Nec
1042 3015 1418 3081 aotases0e1,stuettquccnper-

307 3076 370 3137 seit.
403 3078 447 3128 Sic
463 3078 608 3127 Neveletus
619 3087 648 3128 et
659 3080 749 3141 primre
762 3080 846 3129 Editt.
858 3080 901 3129 cui
914 3080 1019 3129 lectioni
1029 3080 1114 3129 nullus
1126 3093 1231 3142 prorsus
1244 3093 1332 3128 seusus
1342 3080 1418 3130 inest.

315 3140 443 3190 Restituit
458 3141 542 3190 locum
563 3140 763 3204 Rittershusius,
782 3144 826 3209 qui
844 3159 892 3206 pro
902 3143 970 3204 soret
983 3144 1057 3209 legit,
1070 3143 1167 3207 sorem3
1184 3158 1231 3207 pro
1246 3158 1296 3207 nec,
1306 3158 1335 3192 ae
1343 3161 1353 3203 ,·
1370 3158 1418 3209 pro

314 3204 399 3264 stadii,
409 3205 498 3252 madai.
531 3204 575 3253 lta
585 3202 640 3253 sere
652 3206 792 3269 Rigaltius,
808 3208 835 3255 in
848 3208 970 3257 Editioue
982 3222 1001 3256 r.
1014 3210 1082 3258 hunc
1093 3209 1179 3257 locum
1189 3208 1227 3257 sic
1239 3209 1417 3259 constituens:

316 3266 443 3327 Quoniam
453 3272 577 3331 occuparet
592 3271 661 3332 dher,
672 3284 701 3317 ne
710 3270 801 3332 primus
806 3270 901 3330 sorem,¹
917 3272 957 3319 Ne
970 3274 1034 3321 soluts
1050 3278 1118 3335 emet,
1128 3272 1210 3321 studui
1220 3274 1279 3335 qood
1294 3272 1419 3336 superfuit.

314 3330 369 3379 Sed
378 3330 436 3380 Jae.
447 3332 578 3382 Gronovio
589 3333 755 3382 Rittershusii
767 3334 916 3383 emendatio
927 3334 1058 3398 displicet,
1069 3351 1127 3399 quae
1138 3350 1199 3385 sana
1211 3342 1258 3387 ert.
1291 3337 1318 3385 Is
1331 3343 1417 3387 autern

215 3401 220 3405 “
315 3394 439 3457 conjicit:
464 3397 495 3453 Q.
510 3411 637 3460 o.u.np.
648 3396 726 3459 foret,
741 3398 792 3447 Nec
809 3400 880 3459 solus,
897 3413 958 3459 ecce,
972 3400 1048 3448 madii
1062 3402 1123 3463 quod
1140 3400 1267 3463 superfuit.
1299 3400 1359 3449 Vid.
1378 3400 1419 3464 Ej.

315 3456 466 3509 Emendatt.
477 3461 505 3509 ln
521 3460 634 3510 Phaedro
652 3477 678 3525 p.
691 3466 747 3512 1⁴9.
780 3460 843 3510 Alia
861 3462 1004 3525 conjiciunt
1013 3463 1158 3524 Beutleius,
1175 3456 1322 3529 Salmasius,
1342 3462 1419 3513 Rich·

316 3524 551 3588 tems,rixdigns,
585 3540 624 3574 um
635 3530 869 3576 memorentur—l
888 3528 1008 3578 Nechoec.
1035 3528 1143 3577 Lallem.
1159 3526 1327 3593 Cuningham.
1344 3528 1418 3579 Brot.

314 3579 422 3649 Bipont.
440 3587 535 3638 Jskob.
553 3588 564 3650 [
609 3588 674 3651 ton]
690 3590 790 3639 habeut
806 3591 889 3655 Neque
904 3592 1010 3641 hcc-8
1030 3593 1139 3641 Faverit.
1156 3592 1221 3644 Cod.
1233 3593 1304 3643 Pith.
1314 3590 1419 3653 semet,

315 3654 424 3699 notante
443 3651 649 3701 Neveleto.-10
672 3654 710 3703 Si.
736 3655 805 3705 Quia
826 3656 848 3703 si
867 3657 1003 3717 praecessit
1020 3656 1107 3717 modo,
1126 3656 1219 3706 Heius.
1240 3658 1289 3720 Ep.
1307 3669 1366 3706 xxr.
1384 3656 1418 3706 ad

314 3705 439 3766 Bcheffer.
448 3714 571 3778 malebat,
579 3720 607 3763 cr
624 3718 695 3780 boor,
705 3732 764 3781 pro,
774 3725 925 3783 utcumque.
959 3720 1055 3771 Posset
1071 3718 1185 3772 faciliori
1200 3735 1277 3771 manu
1288 3720 1333 3770 Sin
1350 3721 1421 3785 legi,

816 3878 923 3929 NOTAE

348 3982 491 4051 thatim]
508 3986 591 4051 Regio
609 3987 696 4039 Italia
712 3988 847 4039 notissima
886 3989 1048 4041 conscribent
1059 3989 1168 4041 fabulas.

313 4059 385 4112 inter
406 4062 555 4114 Hetmrism
575 4068 603 4113 et
625 4064 801 4128 Campaniam,
831 4080 847 4112 s
920 4066 984 4122 Quos
998 4072 1098 4131 opponat
1110 4064 1224 4128 macic]
1239 4065 1273 4115 Id
1289 4072 1340 4129 est,
1357 4064 1419 4116 doe·

315 4136 422 4187 latendo
431 4139 514 4204 dicta,
523 4140 593 4205 qnod
602 4138 641 4191 ibi
651 4141 776 4190 Summus
787 4138 847 4189 lati-
887 4140 991 4191 tlssimis
1012 4142 1073 4191 viris
1092 4156 1106 4193 e
1126 4142 1242 4202 Gracia,
1271 4142 1316 4205 qui
1338 4143 1419 4195 mults

316 4209 388 4261 terit.
887 4229 967 4283 opera
977 4217 1139 4283 rellquerunt
1150 4215 1308 4283 posteritati.

348 4286 366 4336 b
381 4285 468 4337 ΡΜ
476 4288 582 4354 hebebit]
597 4288 651 4343 Qui
660 4304 718 4342 meo
726 4286 846 4357 exemplo
