3192 4967
274 428 340 494 3oe
456 441 652 492 rrrnunrx
677 444 757 492 rue.
779 440 1020 492 nsorraeun.
1045 442 1125 490 rie.
1147 426 1200 491 34.

276 586 402 652 Redire
416 595 527 653 temen
540 588 604 653 hac
618 588 691 669 lege
705 587 740 651 in
755 586 896 669 gratiam
911 585 1000 663 volu,

277 688 413 752 Securis
427 708 594 773 nunquam
605 686 740 772 pertidus
754 688 791 751 si·
800 686 1017 751 meminerim.

320 788 506 871 Suspectus
520 808 597 853 esse
610 788 722 865 debet,
738 787 798 870 qui
811 787 903 852 laesit
915 788 1027 865 semel,

279 890 323 953 Et
336 895 432 954 cante
446 909 575 974 semper
589 889 781 973 integranda
793 888 912 973 gratia.

662 1448 822 1507 FABULA
856 1446 999 1507 XXXIV.

575 1678 762 1761 nemun
795 1678 856 1744 er
890 1678 1087 1746 urrunnu.

284 1914 330 1985 lu
347 1938 440 1985 rame
455 1918 558 1983 tristis
572 1917 704 1983 sederat
718 1938 795 1983 cum
809 1920 917 1984 Miluii

286 2021 424 2105 Aquila.
470 2017 564 2098 Quid
579 2017 718 2083 vultule
732 2023 802 2081 tam
816 2024 937 2082 moeste
955 2019 1083 2083 Miluiis

287 2120 491 2205 Conspiciel
536 2116 676 2197 Qurero,
699 2118 786 2182 dixit
799 2118 869 2195 illa,
885 2118 1062 2203 conjugem

288 2221 419 2298 Parem,
433 2238 494 2283 nec
507 2218 654 2283 invenire
667 2237 816 2301 possum.
861 2217 919 2282 Me
933 2219 1063 2301 accipe,

287 2321 339 2383 Te
353 2322 459 2386 multe
473 2321 532 2402 qui
548 2337 622 2383 sum
635 2317 760 2384 fortior.
807 2317 921 2395 Quidl
945 2338 986 2383 an
1000 2324 1096 2402 potes

288 2421 344 2485 Ex
356 2425 452 2503 rapto
466 2422 592 2484 rictum
606 2420 779 2502 quaereret
825 2416 1001 2501 Unguibus
1015 2421 1097 2485 meis

288 2520 601 2585 Stmthiucamelum
615 2520 713 2601 rapui
728 2538 884 2602 prensum
899 2521 1036 2603 saepius.

289 2622 431 2685 Inducta
445 2620 554 2684 verbis
567 2615 695 2700 Aquila
709 2621 888 2705 conjugem
903 2621 1006 2705 capit.

291 2721 402 2785 Parvo
416 2727 496 2804 pest
507 2718 643 2802 nuptias
657 2723 829 2783 transacto
844 2725 992 2802 tempore

291 2821 438 2907 Aquila:
461 2818 542 2899 Abi,
557 2826 591 2885 et
603 2820 755 2904 praedam
768 2822 967 2904 promissam
982 2822 1061 2886 mihi
1078 2842 1165 2908 rape.

291 2921 423 2988 Vulnus
438 2924 471 2986 in
485 2921 599 2999 altum,
612 2921 753 2986 soricem
768 2921 1067 2991 immundissimum
1086 2958 1089 2967 ν

294 3025 338 3088 Et
351 3024 451 3104 lungo
466 3022 594 3086 Miluiis
608 3021 704 3086 affert
717 3022 887 3105 putridum
901 3024 980 3086 situ.

294 3124 427 3187 Haecne
439 3127 491 3186 est
504 3122 657 3206 polliciti,
671 3120 796 3205 Aquila
811 3122 910 3200 dixit,
926 3122 1010 3187 fides
1025 3124 1096 3189 tuit

297 3224 361 3289 Cui
377 3223 521 3289 Miluiis:
545 3223 628 3306 Ego,
647 3228 686 3285 ut
698 3223 901 3306 pervenirem
915 3224 1050 3307 nuptias

296 3324 352 3389 Ad
367 3326 487 3407 regias,
502 3323 584 3387 nihil
596 3343 662 3386 nun
676 3342 776 3406 pesse
792 3343 846 3386 me
861 3322 960 3387 fidem

179 3471 188 3483 .
301 3425 487 3501 Dedissem,
502 3424 655 3507 quamvis
669 3442 723 3486 me
737 3422 873 3507 nequire
886 3424 1044 3489 noverim.
1151 3476 1154 3483 r

341 3524 411 3602 Qui
424 3544 461 3589 se
474 3525 613 3608 majores
627 3524 741 3608 cupidi
757 3528 911 3608 queemnt
926 3523 1099 3608 conjuges,

298 3627 421 3693 Delent
435 3625 569 3708 decepti
583 3645 619 3689 se
633 3632 713 3708 pust
721 3624 858 3709 junctos
874 3627 1009 3692 vilibus

794 3789 902 3841 NOTAE

465 3940 469 3952 Ι
550 3881 625 3934 eoru
643 3882 728 3935 dinen.
744 3888 824 3937 met.
844 3885 1005 3949 habetisne
1024 3883 1153 3936 inbellem.
