3192 4967
277 442 321 509 36
588 457 1072 522 ‚ruu1crn‘nr2rusrrnen1n

474 652 626 719 Avienus
642 654 675 717 in
690 652 820 735 praefat
841 648 1024 719 fabularum
1040 672 1182 718 suarum.

324 789 490 855 Phaedrus
503 789 604 855 etiarn
631 793 758 871 partem
785 788 932 871 aliquam
958 789 1105 872 quinque
1119 790 1153 853 in
1176 788 1310 853 libellos
1328 808 1381 857 ree

281 892 392 957 solvit
456 948 459 957 .
660 904 663 913 ·
708 910 710 917 ’
816 904 820 911 ’
867 904 871 909 ’
1049 901 1055 914 ’
1157 901 1164 909 ’
1318 925 1322 931 ·

326 1074 433 1159 Septi.
450 1074 591 1139 Florens
617 1072 827 1140 Christianus
848 1074 883 1137 in
906 1072 1018 1139 Germ.
1041 1070 1086 1137 ad
1108 1070 1276 1137 Pithoeum
1295 1071 1337 1137 de

678 1173 821 1239 Phaedro
843 1175 993 1259 loquens.

285 1274 307 1345 Ἀ
333 1256 335 1264 Ι
368 1338 455 1351 --
468 1305 509 1376 de
525 1304 612 1388 stylo
628 1308 727 1387 atque
742 1310 903 1387 tempore,
939 1338 942 1343 ·

370 1408 439 1473 Par
453 1408 669 1494 proximusve
685 1406 829 1471 Laberio
843 1407 898 1471 vel
912 1404 1043 1471 Publio.

435 1543 679 1654 Rittershusius
693 1591 727 1653 in
745 1590 847 1673 epist.
855 1544 1067 1655 ‘dedicatoria
1082 1586 1231 1654 Phaedri.

210 1734 212 1751 '
330 1725 485 1790 Fabellas
500 1725 648 1790 connnet
661 1726 865 1809 opusculum
874 1725 1048 1809 expositas
1060 1743 1209 1789 sermone
1217 1723 1340 1790 htiuc
1350 1729 1384 1787 et

283 1846 368 1911 puro
398 1832 498 1910 atque
526 1828 678 1910 genmm,
711 1827 746 1891 iu
783 1847 851 1911 quo
879 1828 1001 1891 multas
1029 1828 1177 1911 autiquae
1206 1826 1381 1907 elegantiae

284 1933 381 1993 nutas
398 1930 584 2011 ‘impressas
606 1948 739 1993 cernere
758 1934 821 2006 est,
843 1930 967 1993 multas
989 1928 1325 2011 legeresententias‚·
1338 1923 1382 1990 ad

289 2031 456 2114 quaslibet
468 2031 548 2095 vitae
564 2038 679 2115 partes
692 2031 900 2095 utilissimas.

331 2212 424 2279 Idem
447 2214 481 2277 iu
500 2214 610 2297 Epist.
632 2213 938 2293 adGernerarium,
959 2215 1018 2280 ubi
1040 2220 1075 2280 et
1092 2216 1135 2281 de
1160 2214 1342 2284 camerani

540 2317 783 2400 Bongarsiique
793 2318 934 2401 judicio,
955 2318 1019 2382 hoc
1032 2319 1141 2383 modo.

290 2474 298 2491 ³
331 2459 384 2523 De
399 2457 463 2522 hoc
477 2458 591 2521 libelle
605 2458 693 2521 idem
713 2478 774 2538 ego
797 2466 919 2538 tecum,
941 2465 1065 2525 etcum
1084 2456 1387 2544 politissimouiro,

287 2560 311 2626 J
314 2561 422 2625 accho
450 2557 647 2638 Bengarsio,
671 2557 792 2632 sentio,
816 2558 997 2637 elegantem
1026 2568 1102 2620 esse·
1128 2558 1333 2637 cumprimis,
1356 2560 1389 2619 et

289 2662 426 2727 florente
451 2660 562 2733 etiem,
586 2678 627 2721 ac
651 2678 734 2740 pura
760 2657 878 2737 lingua
902 2655 1025 2720 Latina
1050 2657 1222 2738 scriptum,
1245 2674 1285 2717 ac
1310 2675 1389 2739 sup·

290 2764 404 2847 parem
419 2762 494 2825 es'se
508 2758 631 2843 'judice
646 2746 742 2822 'hunc
756 2757 938 2822 Phaedrum
953 2758 1096 2822 Iaherio
1111 2777 1150 2822 ac
1165 2756 1288 2821 Publio
1303 2754 1387 2841 Syro

293 2861 539 2947 Mimographo.
619 2890 621 2893 ·

473 3043 612 3125 Lipsius
627 3042 670 3105 ad
686 3041 807 3105 Senec.
821 3038 960 3105 Consul.
974 3039 1095 3125 Polyb.
1110 3060 1141 3106 c.
1155 3040 1208 3105 27.

307 3240 311 3253 „
335 3177 512 3252 Pnaedrus,
521 3173 648 3257 Tiberii
663 3173 831 3275 Libertus,
840 3173 913 3256 jam
928 3175 1122 3254 condiderat
1130 3178 1240 3256 (logos
1250 3169 1390 3256 AEsopi)

294 3285 327 3345 et
340 3278 566 3362 pulcherrimis
581 3275 733 3340 versibus
748 3272 892 3339 Latinos
906 3276 1040 3353 lecerat,
1062 3276 1121 3359 qui
1136 3282 1261 3340 extant.

543 3458 710 3541 Rigaltius
724 3462 759 3524 in
774 3460 884 3525 dedic.
899 3461 943 3525 ad
957 3460 1145 3525 Thuauum.
1230 3484 1234 3490 ·

340 3592 429 3657 Haec
443 3593 525 3657 ratio
538 3592 705 3656 fabulares
718 3593 829 3657 liberti
840 3592 1096 3675 jocos‚vemula
1105 3588 1291 3688 urbanitate
1300 3606 1391 3683 ama·

297 3688 559 3777 hiles'argutias,
582 3686 711 3777 placere
726 3688 787 3759 tibi
801 3707 904 3780 posse
918 3695 1091 3778 persuasit.
1236 3688 1239 3693 ’

694 3878 788 3942 Idem
804 3879 906 3961 paulo
919 3881 1005 3961 post.

344 4006 444 4071 Habe
466 4006 573 4089 igitur*
583 4004 830 4089 imperatorium
846 4003 1015 4079 libertum,'
1027 4020 1124 4083 quem
1134 3998 1217 4064 inter
1228 3997 1394 4061 rustican-

301 4108 381 4172 dum
402 4110 547 4175 suaviter
561 4107 777 4181 fabulantem,
799 4106 868 4169 imo
883 4104 1034 4187 graviter,
1057 4109 1090 4201 et
1115 4102 1248 4190 quidem
1273 4099 1393 4183 paucis

300 4209 586 4295 philosophantem
602 4206 785 4273 admireris.
