3192 4967
294 455 359 521 294
436 458 439 465 '
488 467 684 518 rrreuurx
709 466 943 517 rusurmuuu
968 464 1208 515 rusorrrrruu.

298 612 460 697 Lusitque
475 613 616 689 turbem,
631 615 668 675 et
680 610 785 675 Tauri
795 610 949 674 destitrrit
962 605 1079 676 mines.

298 714 402 792 Quod
416 715 446 779 si
459 714 577 778 fuisset
590 710 712 776 vulidoe
727 711 869 776 cervicis
883 730 1020 787 mernor,

297 814 344 879 Et
357 814 488 880 Taurus
503 814 630 878 hostem
644 812 881 876 contemsisset
895 810 1076 889 sordidum,

298 915 436 979 Fuisset
448 934 535 982 vene
548 913 663 978 inertis
676 912 841 995 gloriatio.

339 1015 473 1082 Amittit
486 1016 620 1095 semem,
633 1015 692 1098 qui
707 1032 744 1077 se
756 1012 900 1095 indignis
914 1019 1096 1096 comperet.
1181 1099 1187 1109 Δ

713 1309 981 1327 *ι-

620 1353 625 1365 ’
706 1330 982 1358 ,m

653 1650 656 1657 Ι
701 1568 861 1630 rusum
895 1570 994 1629 xvrr.

611 1786 771 1865 EQUUS
803 1786 864 1851 ΕΤ
896 1784 1086 1851 ASINUS.

296 1996 449 2062 Assumo
466 1998 607 2081 Sonipes
618 1998 764 2082 phaleris
780 1998 923 2061 occurrit
936 2002 1077 2075 timeus,

297 2098 342 2164 Et
354 2101 477 2178 lessus,
491 2099 595 2164 multo
609 2098 737 2163 tardius
752 2098 843 2181 quod
856 2097 1005 2180 pondere

206 2282 209 2288 1
296 2200 399 2266 Viam
413 2201 562 2266 dedisset
574 2199 772 2289 transeunti,
793 2198 877 2277 Vix,
901 2200 959 2279 eit,
1020 2249 1021 2254 1

297 2302 358 2367 Me
371 2308 479 2379 terreo,
501 2304 583 2385 quin
595 2308 629 2367 te
643 2302 748 2368 suevis
763 2303 912 2367 ealcibus
927 2308 1083 2367 exteram.

296 2404 418 2469 Tenuit
432 2403 580 2481 Asellus,
596 2404 719 2486 gemitu
734 2407 875 2467 testatus
890 2402 993 2467 Deos.

297 2498 424 2587 Equus,
440 2505 601 2569 currendo
616 2509 735 2586 ruptus
749 2523 854 2587 parvo
868 2505 902 2567 in
917 2512 1077 2589 tempere,

295 2602 352 2666 Ad
367 2603 481 2666 villum
495 2604 640 2667 mittitur.
684 2602 787 2667 Hune
802 2612 963 2669 onustum
975 2612 1119 2670 stercore

297 2704 346 2769 Ut
358 2704 441 2769 vidit
454 2700 591 2783 Asinus,
604 2705 663 2768 tali
677 2702 794 2768 derisit
804 2704 903 2787 joco:

298 2805 388 2885 Quo,
404 2804 558 2887 gloriose,
571 2805 726 2890 phaleras
739 2803 802 2867 hes
817 2805 980 2888 quondam
994 2806 1067 2884 tibi,

297 2908 407 2972 Modo
422 2908 466 2972 ed
481 2907 670 2990 despectam
684 2907 744 2989 qui
757 2906 871 2971 redisti
887 2907 1075 2971 miseriami

341 3010 442 3073 Felix
456 3028 496 3073 ne
510 3014 656 3091 spernet,
672 3009 784 3074 dubiae
799 3010 898 3075 sortis
913 3010 1094 3087 immemor,

296 3107 482 3185 Humilem,
497 3127 575 3173 cum
589 3108 670 3191 quid
680 3108 811 3174 futurus
826 3112 899 3193 ipse
913 3110 1056 3174 neseiat.

796 3290 903 3341 NO'l'AE

329 3411 396 3461 Haeo
422 3410 512 3461 fabula
538 3412 634 3475 legitur
665 3425 707 3475 up.
732 3410 825 3463 Rimio.
865 3419 893 3462 et
904 3410 954 3480 ipsi
965 3410 1193 3476 homines‘rupti,’
1204 3412 1284 3463 x.‹56.

296 3486 340 3537 lib.
353 3501 396 3537 ιιι.
407 3485 459 3536 feb.
469 3491 494 3536 t.
514 3486 597 3538 Aeon.
617 3485 669 3539 feb.
682 3492 723 3537 37.
739 3488 825 3539 Βιινηι.
897 3492 977 3541 Porus
988 3490 1138 3555 intempore]
1154 3488 1197 3539 Sic
1208 3487 1293 3536 Aeon.
1305 3488 1393 3545 reete;

296 3562 347 3626 Ap.
367 3562 443 3611 Rom.
461 3562 521 3611 Dis.
540 3568 569 3612 et
588 3563 658 3614 urm.
676 3571 717 3613 est
736 3562 826 3613 fabule
864 3566 910 3615 ‘in
928 3566 1019 3615 diebus
1037 3564 1144 3629 paucis}
1165 3565 1226 3613 Ter.
1237 3558 1321 3610 Andr.
1339 3572 1358 3607 r.
1370 3562 1394 3607 1.

295 3638 341 3689 lib.
349 3650 394 3687 ιιι.
404 3642 429 3687 3.
448 3636 526 3687 Scito.
864 3646 906 3693 77.
921 3642 995 3693 Suet.
1006 3640 1073 3705 Aug.
1089 3646 1131 3691 et.
1146 3639 1202 3689 Tib.
1211 3642 1251 3688 60.
1282 3634 1341 3685 vid.
1360 3632 1394 3685 ud

327 3718 345 3763 4
363 3714 428 3770 Quin
437 3718 462 3763 te
480 3711 560 3775 caete]
579 3713 727 3766 Potuissem
738 3714 826 3781 facile,
865 3717 916 3768 Or.
927 3718 994 3769 Met.
1004 3731 1045 3770 ιι.
1056 3722 1098 3767 ³9.

294 3784 351 3853 quiin
362 3788 708 3851 remeumeprmcatcitm
727 3792 773 3840 sed
785 3806 824 3840 ur·
896 3797 912 3842 9
930 3793 1048 3857 Quoties]
1066 3792 1131 3847 Quid
1147 3789 1194 3838 tibi
1207 3785 1295 3847 soleris
1310 3782 1392 3833 Aeon.

294 3864 470 3917 ridebatillud
480 3864 792 3916 exterminareris.
803 3882 823 3917 1.
864 3870 933 3935 quod
943 3870 1058 3920 servavit
1069 3870 1093 3918 N
1097 3868 1169 3916 liunt.
1202 3862 1297 3911 Rimic.
1311 3858 1395 3918 addit,

293 3941 347 3992 feb.
359 3946 401 3992 21.
411 3941 455 3991 ubi
466 3940 534 3991 vide.
865 3944 931 3999 Quid
941 3940 1331 4007 sumersetensium:
1348 3936 1395 3986 sed

324 4022 342 4066 ti
357 4015 464 4080 Ruptus]
481 4016 524 4064 lte
534 4014 641 4080 proprie
656 4014 690 4064 de
700 4029 775 4079 equo,
785 4015 824 4066 ni·
862 4018 921 4081 lege
932 4018 986 4073 Quo
993 4018 1110 4081 phalerus.
1130 4014 1189 4065 vid.
1200 4012 1292 4063 Heius.
1301 4010 1336 4061 ed
1344 4012 1395 4061 0v.

294 4092 345 4146 mie
364 4107 442 4143 eursu
461 4090 580 4156 fatigato,
598 4098 626 4143 et
642 4092 727 4141 inutili
742 4090 823 4141 facto.
863 4094 913 4155 Ep.
925 4106 956 4144 ιι.
966 4097 992 4142 8.

294 4169 362 4218 Pliu.
381 4181 483 4228 xxvrrr.
499 4173 541 4221 2⁰.
557 4167 657 4231 ‘rumpi
673 4182 763 4231 equos,
778 4166 824 4231 qui
896 4172 927 4220 lt
943 4168 1051 4233 Redtsti]
1068 4166 1168 4219 Dubito
1179 4180 1213 4217 su
1223 4177 1275 4215 nou
1285 4166 1396 4228 prestet

243 4250 247 4256 ’
294 4244 534 4307 vestigirtuporum
551 4244 598 4295 sub
614 4244 825 4308 equitemquun·
862 4243 979 4296 reddidi.

293 4315 354 4368 tur.'
385 4317 427 4367 Itu
437 4317 446 4346 ⁴
456 4325 534 4380 rupta
543 4317 628 4383 mule,’
639 4319 721 4371 Mart.
732 4332 772 4370 rx.
780 4322 823 4368 68.
