3192 4967
516 486 521 493 ,
592 445 707 495 nrnne
730 445 754 493 ι.
778 444 859 495 rsr.
880 428 934 495 lt.

218 590 299 657 Rex
312 590 417 668 urbis,
430 588 505 674 ejus
516 588 712 673 experiendi
725 588 834 673 gredo

217 690 390 777 Scyphum
405 692 586 777 poposcitz
605 690 683 757 fuse
692 691 772 757 dein
784 690 943 757 eimnluns
955 706 1046 773 eque

215 792 379 858 Antidoto
392 795 534 859 miscere
546 792 639 858 illius
653 811 692 859 ee
707 792 872 871 toxicum,

215 894 415 960 Combibere
421 895 525 978 jussit
534 896 659 979 ipsum,
672 894 949 979 posito‘proemio.

213 996 349 1061 Timore
361 998 477 1062 mortis
491 998 546 1062 illo
559 1004 631 1061 tum
644 996 819 1063 coufessus
832 1000 895 1073 est,

216 1097 299 1163 Nun
311 1100 391 1165 artis
405 1099 474 1163 ullu
487 1098 629 1162 medicae
644 1116 682 1162 ee
698 1098 883 1181 prudentie,

215 1198 341 1265 Verum
356 1205 491 1283 stupore
501 1200 593 1281 vulgi
605 1198 733 1264 fectum
745 1199 902 1265 nobilem.

214 1296 294 1386 Rex
308 1300 477 1365 advocatu
489 1300 651 1364 concione
664 1298 741 1363 baec
756 1298 880 1365 edidit:

212 1497 500 1565 eiuitatmesploreteree
516 1499 581 1549 illies
598 1499 743 1559 scientium,
760 1501 822 1563 petit
839 1500 943 1561 coieris,
959 1500 987 1549 irs
1004 1512 1071 1563 pren
1088 1498 1214 1561 &ndens
1227 1515 1311 1565 apem

206 1562 285 1627 fluxit
297 1578 321 1612 se
331 1564 427 1613 miscere
436 1578 558 1625 merem,
573 1578 631 1613 cnm
641 1565 765 1621 ustidotcr
789 1564 872 1614 deinde
883 1564 960 1626 iussit
969 1563 1104 1626 extmoire,
1120 1565 1240 1627 proposita
1250 1580 1310 1614 mer·

211 1628 275 1677 cede.
310 1627 458 1678 iirrssmor
469 1627 597 1687 fmseeest
615 1633 679 1677 sretrr
697 1630 779 1677 esirtis
795 1643 821 1677 se
838 1644 883 1677 ecs
895 1628 1005 1677 euenisse
1022 1628 1136 1677 medicus
1151 1629 1202 1677 silc
1216 1632 1309 1680 arisel

212 1691 391 1755 exercitatione,
400 1694 443 1742 sed
449 1692 497 1741 sibi
506 1690 656 1755 acquisivisse
666 1693 731 1743 bene
742 1692 835 1756 famum
844 1692 941 1743 inscitia
951 1691 1024 1755 uehi.
1057 1692 1112 1741 Res
1123 1693 1212 1743 essetis
1220 1692 1311 1745 eicibrrs

670 1836 846 1857 mm

211 1930 274 1981 tice
285 1932 350 1983 rstio
360 1935 485 1997 postulet,
494 1941 523 1984 nt
542 1940 653 1996 textum,
671 1947 721 1984 non
741 1934 824 1998 ipmrm
843 1942 975 1985 sectorem
994 1934 1168 1985 emendemus.
1202 1930 1273 1982 Sive.
1284 1936 1309 1984 b.

171 2010 176 2019 ‘
211 1996 376 2055 exturbetur,
386 2000 502 2049 usmtio
511 1998 649 2049 claudicet.
683 1999 1052 2050 Maleenimistscolrrereut:
1068 1997 1212 2048 ‘Verbosis
1223 1996 1310 2061 scqui-

210 2060 273 2109 sirit
282 2060 332 2110 sibi
344 2059 439 2112 t'cmsm
449 2063 646 2127 strepitis...Re1
657 2062 728 2111 urbis
744 2063 799 2127 ejas
811 2063 963 2127 experiendi
975 2064 1058 2127 gratis
1074 2063 1108 2113 Sc
1128 2062 1203 2126 plrnm
1215 2073 1309 2135 popos-

211 2122 268 2173 eit'
283 2125 377 2188 ltaque
387 2127 408 2174 si
418 2127 480 2191 quld
489 2128 645 2191 ejiciendum
657 2132 709 2186 ert,
719 2141 769 2175 uon
781 2142 818 2175 vs.
826 2134 851 2179 5.
861 2128 939 2190 solur,
950 2128 1028 2177 etism
1039 2132 1064 2177 t.
1073 2078 1154 2176 cebet
1161 2124 1232 2187 ejicr,
1241 2122 1310 2186 quod

210 2187 317 2239 relebst
327 2190 485 2253 lessiugius.
516 2191 569 2241 Sed
577 2193 680 2240 retineo
691 2197 835 2254 utrumqne.
868 2192 928 2241 Nee
943 2190 1046 2251 derunt,
1062 2191 1106 2254 qni
1124 2190 1215 2239 malint
1233 2187 1310 2237 Phae·

209 2248 292 2300 drum'
301 2254 452 2304 oscitantius
472 2269 592 2319 arguere,
600 2269 678 2319 quem
698 2260 796 2303 temere
812 2254 876 2304 duos
892 2256 988 2318 ejicere
1000 2257 1147 2303 versus-o
1165 2250 1308 2301 conulem.

210 2314 243 2363 lu
260 2316 343 2366 Codd.
361 2318 425 2367 Mss.
447 2325 503 2368 est:
528 2319 618 2367 Bibere
634 2318 709 2378 jessit
727 2318 804 2380 ipsese
818 2318 896 2381 posito
913 2320 1022 2380 premio,
1041 2331 1099 2381 que
1109 2314 1180 2364 varie
1189 2314 1309 2377 supplere

210 2379 370 2430 eonstisuut
382 2381 428 2429 viri
441 2383 519 2430 docti.
551 2383 691 2443 Vulgarum
712 2390 751 2430 est
769 2382 825 2431 Hoc
845 2382 931 2442 bibere,
950 2380 1020 2442 qnod
1037 2387 1078 2428 est
1097 2379 1123 2427 iu
1135 2376 1309 2429 EditionePi·

209 2442 283 2493 thcsi.
316 2445 460 2493 Neveletus
470 2443 553 2493 edidit
563 2445 682 2504 Biberei.
692 2444 711 2491 i.
720 2459 746 2506 p.
752 2459 778 2505 p.
796 2445 885 2492 mallet
903 2453 988 2494 temen
1001 2443 1055 2492 Hoc
1065 2442 1151 2493 bibere.
1185 2441 1308 2493 Heinsius
1346 2444 1349 2451 “

211 2505 345 2562 Οὸὸιὸειις
366 2508 410 2556 sed
431 2508 544 2561 nondum
563 2510 626 2557 setis
645 2514 701 2557 tutu
718 2514 758 2555 est
774 2508 850 2570 huius
870 2507 944 2557 serbi
957 2508 1104 2569 Latinitns3
1128 2521 1212 2569 neque
1229 2506 1308 2557 etiem

207 2570 357 2622 verosimile
373 2570 508 2624 ridebstur
519 2572 662 2632 Gronovio,
671 2585 705 2619 ex
716 2570 820 2635 integre
832 2586 894 2622 voce
911 2571 1021 2636 priorem
1033 2572 1154 2637 syllsbarn
1165 2571 1308 2621 evanuisse.

208 2634 348 2687 Richterus
359 2635 385 2683 in
399 2635 477 2698 Spec.
492 2634 555 2693 Obs.
566 2636 626 2686 crit.
642 2635 707 2684 etin
726 2650 773 2683 sus
786 2636 893 2685 Phaedri
912 2638 1025 2685 editione
1043 2636 1175 2697 ingeniose
1193 2632 1308 2697 proiecto

208 2698 315 2761 conjicit
334 2698 443 2748 Ebibere.
475 2699 550 2749 Dicit
566 2700 644 2761 enim,
663 2699 781 2749 librarios
793 2701 944 2765 plerumque
965 2702 1056 2750 literas
1067 2713 1185 2749 versun!
1196 2698 1307 2749 initiales

204 2762 333 2821 Μιίιὶιιι,
349 2768 378 2811 ut
394 2762 518 2813 videlieet
537 2767 582 2812 ee's
600 2762 680 2812 minio
699 2763 845 2827 pingerent.
887 2766 952 2815 Quoe
980 2765 1131 2827 conjecture
1151 2766 1188 2812 its
1209 2762 1308 2826 placuit

208 2824 340 2889 Bentleio,
362 2826 502 2890 Brotierio,
520 2828 627 2877 Lntlenr.
644 2827 788 2877 Desbillon.
806 2834 835 2877 ut
852 2828 1001 2892 reciperent
1019 2830 1045 2877 in
1062 2836 1222 2878 contextum.
1255 2827 1306 2877 Sed

206 2895 283 2945 recte
293 2890 414 2942 observet
429 2890 601 2954 Burmsunus,
610 2891 717 2941 Phaedri
727 2890 829 2941 subules
842 2892 900 2941 nliru
921 2906 976 2941 non
983 2906 1032 2954 per
1050 2906 1138 2939 versus
1155 2889 1306 2954 dispositus,

205 2952 254 3003 ssd
263 2955 386 3003 continuo
394 2968 512 3005 nemone
525 2957 686 3019 conscriptes
696 2954 773 3003 fnisse
785 2970 801 3002 e
811 2953 951 3016 monachis,
961 2960 1014 3003 nte
1026 2954 1148 3013 Nitentii,
1158 2952 1269 3013 Romuli,
1278 2962 1306 3015 et

208 3017 315 3070 eliorum
335 3016 429 3068 inbutis
449 3010 584 3083 sppireat,
622 3034 667 3069 nm
683 3019 755 3066 rsrie
778 3018 857 3067 etism
887 3017 1077 3081 interpolentur.
1117 3016 1206 3080 Atque
1228 3016 1308 3065 etiem

205 3080 364 3144 Brotierius,
374 3084 418 3147 qni
429 3084 495 3133 Cod.
506 3083 558 3132 Μι.
571 3035 666 3132 pidici
677 3082 703 3129 in
714 3081 833 3131 menibus
841 3079 940 3145 imbuit,
948 3086 1070 3141 testetur,
1080 3079 1185 3129 Phedri
1197 3078 1307 3143 fabulis,

207 3151 238 3201 nt
248 3160 363 3221 prosum,
373 3162 425 3197 non
442 3154 473 3197 ut
490 3161 589 3208 versus,
608 3162 624 3195 s
640 3145 751 3195 librariis
771 3144 917 3207 descriptos
935 3144 1023 3195 fuisse.
1055 3144 1202 3196 Gronovius
1221 3142 1307 3209 docet,

208 3208 323 3260 ultimum
339 3212 464 3273 syllubsm
482 3212 510 3261 in
526 3212 633 3262 tonicsss
650 3210 765 3273 potuisse
787 3210 928 3259 absorbere
947 3209 1078 3275 sequentis
1095 3210 1167 3259 vocis
1189 3209 1306 3272 primurn,

207 3274 276 3324 unde
286 3276 331 3323 ille
341 3274 414 3338 feeit,
424 3276 485 3325 Teos
494 3274 590 3334 bidem
607 3275 674 3340 quod
693 3275 779 3324 rs‘icit
790 3275 961 3325 Burmannus.
995 3274 1061 3325 Qnae
1081 3274 1150 3323 euim
1166 3280 1236 3323 esset
1252 3288 1307 3323 sce·

205 3336 399 3398 britiea,deisde
416 3340 601 3401 mmlmmcst.
621 3290 768 3389 ilrssbibm
780 3339 866 3400 jessit,
883 3345 911 3387 et
928 3353 990 3387 mox
1010 3353 1022 3386 s
1041 3373 1048 3387 .
1073 3337 1169 3389 iterum
1181 3352 1255 3387 versu
1266 3338 1306 3389 ills

154 3450 157 3453 .
206 3405 260 3451 terr
275 3403 392 3462 consensa
407 3400 461 3453 esti
482 3406 570 3455 Quare
588 3405 689 3453 mollins
702 3404 807 3467 judicet
827 3402 931 3451 toxicum
949 3353 1084 3451 Canobon
1095 3401 1180 3463 jessit,
1199 3400 1306 3453 laudens

205 3464 273 3519 tior.
283 3466 335 3517 Od.
347 3482 366 3517 ι.
377 3471 418 3516 tt.
429 3471 470 3517 28.
481 3467 559 3516 ovio.
569 3468 637 3515 Met.
653 3479 704 3516 uri.
720 3470 778 3516 287.
813 3466 901 3515 Nihilo
919 3480 980 3514 uero
998 3466 1082 3515 secius
1102 3467 1232 3525 rulustnm
1252 3480 1306 3517 ser·

205 3530 262 3585 ,reri
276 3545 352 3594 posse
363 3536 448 3593 putet,
463 3532 522 3593 quin
529 3530 616 3591 jubere
626 3530 712 3591 bibere,
725 3532 783 3579 dore
793 3528 871 3579 bibere
882 3526 939 3578 fere
950 3530 1069 3578 solennes
1080 3537 1140 3580 sont
1153 3530 1305 3581 locutiones.

205 3593 332 3658 Equidem
346 3595 482 3643 Combibere
493 3594 570 3655 jessit
580 3594 665 3655 recepi
678 3608 736 3641 cnm
748 3594 905 3655 Bipontinis‚
915 3607 964 3642 uec
974 3594 1174 3644 immerite-ll
1194 3594 1305 3644 Medica.

206 3658 272 3709 Mes.
292 3658 363 3709 Pith.
381 3667 409 3708 et
428 3660 501 3708 Rem.
520 3659 652 3714 medicem
674 3658 715 3706 sed
731 3658 826 3705 neren
845 3665 886 3707 est
903 3672 936 3706 ex
955 3656 1135 3707 emendatione
1155 3657 1256 3707 Heinsii
1276 3664 1305 3707 et

206 3720 321 3772 Gronov.
353 3724 494 3784 vulgatum
515 3731 602 3771 temen
620 3729 716 3783 praeter
735 3722 857 3771 Nerelet.
874 3722 970 3784 Rigalt.
987 3726 1012 3771 2.
1030 3722 1119 3770 Ursiu.
1137 3722 1170 3770 nl.
1190 3720 1305 3771 retinent

205 3785 315 3836 mnes.
327 3788 402 3836 Brot.
413 3786 588 3837 nobili-1³
608 3784 700 3835 Edidit.
727 3785 772 3834 lte
788 3800 836 3849 pro
853 3786 947 3835 eddidit
959 3787 1056 3849 primns
1073 3785 1187 3835 Gronov·
1198 3784 1250 3847 legi
1260 3798 1305 3833 ro·

204 3849 264 3910 luit,
273 3865 332 3914 qut
344 3851 498 3914 conjecture
508 3852 586 3900 etism
596 3850 624 3898 in
634 3857 747 3901 mentem
760 3850 832 3899 uenit
843 3850 961 3912 Heinsio,
979 3850 1071 3911 quibus
1083 3848 1177 3897 deinde
1186 3846 1304 3897 obsecuti

204 3921 266 3965 runt
283 3915 338 3976 elii,
354 3915 464 3965 rrrsxinre
480 3916 619 3964 Burmann.
631 3914 745 3965 Brotier.
759 3914 905 3976 Bipontini,
917 3915 949 3962 al.
960 3913 1060 3963 Gudins
1071 3921 1099 3960 et
1108 3909 1186 3961 Wolf.
1197 3916 1305 3961 tuentur

205 3978 395 4041 addiditsc.iir,
406 3995 462 4043 qne
475 3978 639 4029 ndrocstsin
657 3978 781 4029 concione
802 3986 872 4029 sutor
890 3978 946 4041 ipse
966 3976 1116 4027 furebatur:
1142 3979 1219 4039 putat
1234 3974 1303 4025 euim

699 4130 806 4180 NOTAE

205 4256 212 4267 ·
236 4245 412 4310 emaum]
424 4244 735 4307 Quisnmmamtensmt
772 4241 934 4291 vocabuntur
949 4233 1105 4306 ilngnlsrnn
1125 4242 1228 4296 urbium
1247 4256 1301 4296 rec·

203 4320 402 4386 regltlnllrbe.
433 4319 523 4384 Atque
537 4318 576 4370 sic
592 4319 734 4384 antiqm'tes
773 4325 855 4369 tores.
892 4344 894 4349 ·
1082 4342 1084 4347 ·
