3192 4967
597 432 711 481 arana
736 433 769 480 v.
794 432 874 484 ran.
897 422 930 485 7.

212 580 303 645 Dum
317 596 438 664 pegma
449 577 586 662 rapitur,
602 577 752 644 concidit
764 596 847 643 casu
862 578 956 662 gravi
1045 596 1050 606 ·

211 681 287 747 Nec
304 682 458 764 opinans,
473 685 508 744 et
522 679 693 747 sinistram
704 679 802 763 fregit
814 680 943 759 tibiam,

211 781 310 847 Duas
324 801 401 847 cum
413 782 551 847 dextras
564 782 745 847 maluisset
758 782 910 866 perdere.

211 882 302 948 Inter
315 902 436 949 manus
447 882 614 963 snblatns;
629 891 664 949 et
677 885 819 949 multum
833 902 979 965 gemens,

212 983 361 1050 Domum
373 985 523 1051 refertur.
566 985 710 1071 Aliquot
721 1003 854 1050 manses
870 989 1052 1064 transeunt,

211 1084 269 1151 Aa
283 1086 465 1152 sanitatem
481 1087 561 1152 dum
576 1089 668 1155 venit
681 1088 820 1153 curatio.
935 1156 939 1161 ,

212 1177 262 1253 llt
275 1193 500 1271 spectatorum
512 1210 590 1257 mos
603 1198 667 1271 ast,
682 1198 717 1257 et
733 1189 879 1275 lepidum
893 1208 1009 1273 genua,

211 1378 282 1441 ludia,
291 1393 339 1429 aaa
348 1384 385 1429 eat
396 1380 444 1429 acie
453 1379 546 1443 paim,
562 1380 650 1431 metat
660 1379 795 1443 iatpradm
805 1392 861 1427 cara
868 1378 940 1440 gram
949 1378 1006 1427 dam
1016 1375 1109 1426 teltitu·
1118 1390 1211 1440 uranu,
1229 1381 1253 1426 et
1264 1374 1314 1427 sibi

211 1443 371 1505 rapittrbiara
381 1446 473 1506 mata,
491 1459 544 1494 crat
557 1445 636 1508 patiar
651 1448 754 1506 optasset
770 1442 879 1491 mittere
897 1441 978 1491 arabas
993 1442 1112 1491 demam.
1145 1442 1234 1489 Etutsa
1249 1442 1313 1491 buter

211 1521 304 1568 m,
313 1512 443 1572 uquam
450 1507 730 1573 patinameffertaria
740 1508 811 1556 adea.
844 1505 946 1569 Aliquot
956 1519 1045 1555 maer
1054 1504 1149 1567 abunt,
1159 1505 1315 1554 danmatio

210 1571 338 1622 Mar
351 1574 383 1623 ad
398 1573 532 1622 tamtam.
564 1573 637 1622 Tuae
645 1587 690 1636 pre
705 1586 769 1621 sucre
783 1571 941 1634 spectantium
956 1570 1019 1619 airas
1038 1573 1074 1619 eat
1084 1569 1123 1618 bic
1138 1570 1229 1633 lepidae
1248 1569 1314 1619 lanto

674 1716 821 1737 ”unaue
824 1714 853 1736 u

211 1796 699 1865 nou..rlrtp.-rn1s.1³iu.pm
725 1802 770 1852 lta
787 1799 858 1850 edid.
875 1798 1003 1851 Rittersb.
1020 1796 1119 1862 Rigalt.
1138 1796 1238 1848 Meurs.
1255 1796 1315 1847 Urs.

212 1866 262 1911 -8
278 1862 360 1913 Cedd.
371 1863 446 1913 Rem.
456 1870 486 1913 et
502 1864 576 1915 Pitb.
590 1864 698 1926 habent,
709 1866 760 1915 Nee
770 1865 825 1927 epia
834 1866 884 1927 aad,
895 1863 945 1925 vet,
957 1862 996 1913 Ne
1006 1863 1073 1925 cepta
1082 1863 1131 1923 ted,
1144 1876 1192 1925 pro
1205 1860 1259 1909 Nea
1267 1860 1316 1924 opi·

210 1931 313 1975 nands
338 1925 399 1975 vid.
417 1927 485 2002 Ney.
504 1927 538 1977 ad
557 1930 702 1993 marginem
720 1928 859 2005 Editicnis.
882 1928 961 1979 Grut.
976 1926 1084 1977 Salmas.
1103 1926 1190 2000 Bantl.
1206 1925 1313 1999 Bippnt.

211 1990 1314 2129 entialiter,traditittltttitillanti.{titt

211 2130 279 2181 sing.
301 2118 389 2166 Latera
398 2118 467 2166 eninr
484 2133 501 2167 a
513 2120 613 2170 centies
625 2121 727 2182 emissa,
744 2121 787 2169 vel
796 2120 897 2183 virgula
907 2118 1067 2181 superducta
1077 2122 1175 2166 notata.
1207 2115 1315 2177 Legitur

212 2181 294 2230 etiarn
316 2180 381 2231 ‘nec
393 2180 509 2243 opinans'
531 2197 547 2230 a
566 2183 600 2231 ud
618 2184 725 2233 Terent.
744 2189 773 2232 et
791 2182 900 2232 Sueten.
917 2180 987 2243 Aug.
999 2195 1023 2230 c.
1035 2184 1075 2230 1⁰.
1093 2179 1164 2231 Gud.
1176 2178 1314 2228 lectionesa

212 2244 278 2293 Mes.
296 2244 352 2307 epia
376 2242 490 2293 retinere
507 2260 532 2293 m
568 2251 605 2308 et,
622 2246 639 2296 i.
659 2260 684 2296 e.
701 2245 778 2310 hala,
791 2246 965 2297 instrumenta
976 2244 1075 2294 miraica
1087 2243 1238 2302 tibiciniis,
1248 2241 1316 2292 fura·

212 2306 325 2357 minibus
336 2307 424 2371 plena,
434 2307 503 2371 quud
515 2323 580 2358 cave
590 2310 776 2360 retium—1³
793 2309 851 2359 Etsi
864 2310 889 2359 in
903 2309 1009 2372 vulgatu
1026 2306 1089 2357 nibil
1106 2313 1157 2364 est,
1175 2306 1243 2371 quod
1262 2320 1316 2355 rnu-
1343 2344 1347 2355 .

213 2372 267 2421 rari
275 2372 360 2435 pessit
368 2373 498 2433 lectoren
515 2378 603 2422 tamen
620 2373 691 2423 varie
712 2380 849 2424 tentarunt
865 2372 914 2421 viri
931 2372 1004 2421 docti
1022 2372 1090 2421 bunc
1110 2370 1203 2420 locum.
1229 2369 1315 2419 Celer.

212 2433 1316 2565 ttttttttttmamatltt‘m‘adlidat·bittit

212 2562 283 2627 apud
295 2536 509 2639 picercnern'ast,
525 2568 534 2593 ‘
541 2564 648 2678 9⁸5⁸*st
659 2565 736 2615 muris
754 2579 812 2615 esse
824 2516 992 2643 iniecerunt?
1003 2536 1050 2641 aeti
1061 2533 1120 2637 vide
1131 2550 1199 2637 m'crr.
1222 2512 1316 2636 ligne.

213 2624 1316 2767 :tttttittttbttl’attinebit?tttbtlttttltbttlttt,litt

214 2755 303 2819 quitur
312 2755 525 2819 mamcoepit.
551 2757 578 2808 J.
589 2757 618 2807 F.
630 2758 748 2808 Gronov.
758 2758 871 2808 malebat
881 2758 912 2807 ad
962 2757 1113 2817 'dameam
1125 2770 1142 2803 ι.
1153 2768 1177 2803 e.
1190 2759 1220 2803 ut
1232 2752 1316 2803 solent

214 2816 608 2883 esseail'ectiergailtndauave
625 2836 706 2883 genna
718 2821 863 2873 tibicinum.
895 2821 930 2871 Se
959 2821 1049 2880 vellet,
1060 2818 1150 2867 Bnrm.
1160 2816 1316 2865 illustrasset

214 2897 296 2945 genus
304 2882 369 2932 illud
379 2882 495 2948 dicendi,
504 2899 554 2934 etse
562 2887 594 2934 ad
604 2886 715 2949 aliquem,
726 2886 811 2948 cujus,
822 2886 844 2934 si
853 2898 904 2934 nun
913 2882 1025 2932 addatur
1033 2881 1191 2943 adjectivum
1199 2878 1315 2941 aliquod,
1345 2928 1346 2931 ,

214 2947 361 3011 exemplum
377 2947 488 3012 ignerat.
499 2949 559 2998 Van
569 2950 683 3013 Bergan.
700 2949 766 2999 crit.
776 2947 844 2997 Oba.
863 2961 889 2996 c.
900 2950 940 2995 tt.
951 2959 978 3007 p.
989 2948 1030 2993 76.
1043 2941 1135 3007 siquid
1152 2940 1315 3004 mutandum,

214 3025 263 3073 pru
280 3016 313 3075 et,
334 3012 463 3062 scriberet
483 3013 520 3075 id,
539 3019 618 3077 atque
635 3012 796 3076 explicaret:
814 3010 847 3060 ld
862 3008 978 3073 lepidum
989 3020 1069 3071 genus
1079 3002 1229 3073 (tibicinis),
1241 3004 1316 3068 cujus

708 3118 820 3171 NOTAE

245 3242 261 3287 't
278 3236 382 3301 Pegusa]
396 3236 519 3288 Machina
535 3242 577 3286 ert
596 3234 745 3299 mucius,
784 3233 817 3284 ad
830 3233 1009 3284 exhilarandos
1019 3230 1125 3281 mimus.
1158 3230 1242 3279 Erant
1253 3228 1315 3279 dex·

213 3312 240 3362 in
247 3327 299 3377 qna
306 3318 399 3362 statues
408 3311 587 3362 collocantur:
604 3317 662 3361 erat
670 3310 744 3361 varie
783 3316 842 3372 trae,
858 3314 933 3359 erant
945 3308 1057 3357 sinistre
1075 3306 1155 3355 tibia.
1188 3303 1259 3355 Quid
1270 3317 1315 3352 arr·

214 3388 350 3451 adornata,
367 3403 415 3452 pre
426 3388 578 3438 diversitate
588 3388 743 3451 argnmcnti.
783 3393 837 3435 tem
849 3382 1028 3447 dextrae,quid
1038 3380 1157 3443 sinistrae,
1165 3378 1315 3443 ambigitur.
1410 3411 1412 3419 ·

247 3467 264 3512 8
280 3463 409 3513 Maura
418 3462 500 3523 fregit
510 3462 602 3525 tibiam,
612 3462 682 3512 Duae
691 3476 745 3511 aaa
782 3460 901 3524 Scaliger
912 3458 968 3509 vult
984 3456 1089 3507 dextras
1099 3463 1128 3506 et
1140 3454 1256 3505 sinistras
1268 3470 1314 3519 ap-

213 3534 559 3599 deatmulainetperderc]
579 3534 659 3585 Ludit
668 3534 744 3583 Pba·
782 3536 877 3601 pellani
887 3534 920 3585 ab
930 3532 1056 3583 lateribus
1071 3529 1145 3581 unde·
1152 3527 1314 3581 inflarentur.

214 3611 316 3662 drusin
329 3625 394 3661 auce
407 3611 479 3662 tibia.
512 3610 658 3660 (tamenim
668 3609 744 3673 dicit,
781 3610 1013 3661 victurinaantenr
1029 3607 1106 3657 aliter
1121 3606 1211 3657 sentit.
1242 3606 1314 3654 ‘Vu-

213 3688 337 3739 airiatram
348 3686 431 3750 fregit
444 3687 538 3749 tettan,
555 3686 680 3749 intelligit
697 3700 743 3751 pe·
782 3676 927 3746 cabantur,’
939 3681 1033 3748 inquit,
1044 3680 1131 3731 ‘tibiae
1139 3679 1314 3741 dextramne

215 3764 275 3814 dem
283 3764 430 3813 sinistrum:
446 3760 745 3824 cumreruadditllaaa
783 3760 880 3810 dextra
889 3763 966 3823 parte
976 3756 1028 3807 uria
1044 3762 1073 3807 et
1087 3768 1176 3804 manus
1187 3753 1311 3804 teneban·

215 3838 505 3889 mdabundeisart
520 3839 630 3902 perdere,
646 3836 744 3888 debant
783 3843 845 3887 tur:
863 3835 1006 3899 aedemque
1024 3837 1103 3895 pacto
1114 3824 1234 3891 sinistrae,
1254 3843 1313 3893 qnae

214 3914 352 3965 reserriad
362 3912 439 3967 tibias
445 3913 746 3979 quibuaeacitabattibi·
784 3912 918 3964 contraria
928 3916 1004 3976 parta
1023 3905 1075 3956 uria
1094 3910 1123 3955 at
1140 3917 1230 3953 manna
1241 3900 1314 3953 intla-

214 3989 549 4053 cenaaltantiumrigarem.
572 3989 746 4041 Sieinliunu·
784 3994 884 4039 rentur.
929 3983 1039 4037 'tibicen
1066 3985 1153 4029 antem
1179 3977 1314 4029 dicebatur

214 4064 258 4118 ciri
269 4066 347 4117 titulo
356 4064 427 4127 apud
436 4062 546 4113 Terent.
554 4064 745 4127 legitur,‘eam
785 4063 885 4113 dubie
893 4066 922 4110 et
930 4056 1050 4117 sinistris,
1060 4059 1088 4105 et
1097 4052 1195 4103 duabus
1205 4053 1315 4115 dextris,

215 4136 330 4193 fabulam
348 4145 434 4191 actam
453 4136 535 4187 falsae
552 4136 624 4186 tibiis
643 4136 744 4187 duabsu
784 4139 833 4199 uti,
850 4138 895 4203 qui
906 4133 980 4184 eirnnl
992 4129 1080 4180 arubae
1092 4126 1202 4178 inflaret.
1234 4128 1314 4177 Sinis·

216 4215 333 4268 dextris?
365 4212 445 4267 Quod
464 4218 495 4262 ut
513 4212 608 4263 clarius
627 4210 684 4274 bat,
701 4226 744 4261 res
785 4217 950 4275 tragramm
969 4219 1059 4265 aunum
1076 4201 1230 4265 reddebant,
1249 4202 1312 4257 dex·

216 4293 294 4357 paula
317 4291 395 4343 dnus
413 4294 455 4339 eat
472 4285 625 4353 repetenda.
663 4285 745 4334 Adbi-
785 4289 958 4344 trecentum,
979 4284 1071 4342 utpute
1081 4276 1159 4327 variis
1170 4278 1273 4341 organis
1285 4283 1314 4329 et

160 4416 168 4425 ,
216 4367 346 4421 habentur
356 4366 416 4419 ulirn
426 4363 499 4419 tibiae
509 4362 536 4416 in
552 4359 621 4414 ludia
629 4359 746 4426 aenan,
784 4358 954 4427 inaequalibus
965 4354 1130 4415 feraminibus
1141 4351 1288 4413 distinctas
