3192 4967
194 388 200 397 ’
304 406 371 475 260
522 422 674 472 annum
700 422 934 475 racusanus
959 421 1187 473 nsoamnun

304 566 490 651 Proposito
503 573 644 631 cunctos
657 564 808 634 inritavit
819 563 970 649 praemio,

304 666 418 745 Quam
434 668 578 753 quisque
589 671 718 750 posset,
732 670 769 731 ut
782 666 962 731 nontatem
976 661 1179 731 ostenderet.

219 827 222 834 .
302 767 433 833 Venere
447 768 592 833 artifices
605 766 715 831 laudis
730 765 775 829 ad
790 766 990 832 certamina:

304 866 398 947 Quos
410 870 497 934 iuter
507 866 642 945 Scurra,
652 872 751 932 notus
765 868 893 931 urbano
907 867 988 946 sale,

302 968 440 1033 Habere
452 968 541 1033 dixit
554 987 592 1031 se
607 986 711 1050 genus
725 966 919 1052 spectaculi,

303 1068 406 1149 Quod
417 1069 453 1133 in
464 1070 594 1134 theatro
607 1086 774 1151 nunquam
790 1068 958 1151 prolatum
971 1068 1069 1135 foret.

300 1170 486 1253 Dispersus
498 1188 610 1234 rumor
623 1170 793 1237 civitatem
806 1170 970 1235 concitat:
1085 1236 1090 1245 ,

302 1272 413 1337 Paulo
424 1275 498 1336 ante
510 1290 618 1337 sacua
632 1270 763 1335 turham
777 1270 934 1336 deficiunt
946 1272 1033 1336 locu.

302 1373 345 1437 In
358 1392 461 1438 scena
474 1390 556 1437 vero
570 1378 744 1457 postquam
760 1373 854 1437 solus
870 1372 1028 1450 constitit,

301 1473 383 1538 Sine
397 1478 573 1557 apparatu,
586 1473 684 1537 nullia
698 1472 921 1557 adjutoribus,
1122 1537 1132 1555 .

301 1570 479 1637 Silentium
492 1574 571 1656 ipsa
583 1572 664 1640 feeit
675 1574 880 1656 expectatio.
1362 1574 1405 1637 15

298 1777 675 1842 potesscpibss,dstsrsslsdcs,
685 1779 821 1828 maurit
831 1792 918 1839 omes,
997 1777 1003 1789 '
1050 1777 1201 1838 mercedest
1211 1774 1360 1839 qaisqseprc
1370 1776 1405 1823 ri·

299 1842 488 1905 riticppcrtsrst
505 1841 597 1903 aliquid
615 1840 678 1890 succi.
713 1844 848 1891 Cosresere
864 1842 914 1889 srts'
944 1856 968 1890 es
984 1844 1017 1892 ud
1035 1841 1187 1889 mathurus
1202 1840 1303 1903 minii.
1336 1839 1405 1887 Ister

300 1905 457 1969 proedesrm
469 1904 583 1969 quidam,
601 1904 686 1954 schith
701 1904 896 1969 lepidisfucctiir,
915 1906 980 1954 dicit
991 1920 1016 1954 se
1033 1909 1179 1955 miserarum
1194 1917 1270 1965 genus
1279 1902 1405 1965 spectaculi

300 1971 363 2033 pssd
372 1967 590 2031 sssqaursjsissst
599 1969 733 2018 salibitsss
749 1969 776 2017 s's
791 1984 870 2018 scsssa
908 1968 1013 2031 Vulgata
1024 1969 1096 2029 sama
1113 1969 1203 2017 rentur
1215 1974 1292 2017 totsm
1305 1966 1404 2020 arbem:

299 2048 343 2083 sec
354 2035 404 2083 isca
413 2039 470 2082 asts
479 2034 529 2081 sula
537 2034 634 2095 capiant
644 2033 829 2083 mundium.
863 2032 994 2095 Postquam
1009 2038 1089 2081 cutm
1105 2031 1229 2095 prosilitis
1239 2030 1356 2078 theotinus
1365 2043 1404 2076 sc-

300 2099 346 2162 ias,
363 2098 415 2147 sisse
432 2101 527 2161 mna,
544 2098 607 2146 sallo
624 2098 696 2160 socio,
714 2098 767 2160 ipsu
778 2096 912 2159 expectatio
931 2096 997 2145 dedit
1014 2096 1178 2146 attentionem.
1211 2092 1352 2143 Hicstutint
1362 2094 1403 2142 de·

759 2236 941 2260 ΟΙΝΝΙΙΙΝΙ

300 2338 400 2388 intrudi
407 2337 504 2387 nobiles.
537 2336 689 2387 Lectionem
700 2336 763 2386 Per.
775 2337 836 2387 olim
849 2352 864 2386 a
875 2350 915 2387 ure
926 2340 1059 2399 receptam
1070 2334 1154 2387 secuti
1164 2334 1242 2385 etiam
1255 2334 1319 2385 Lali.
1329 2332 1403 2385 Brot.

299 2403 409 2465 Ripont.
424 2402 500 2452 liird.
527 2400 648 2465 [Autem]
674 2401 763 2450 Nihilo
780 2402 865 2451 secius
883 2400 994 2450 Desbill.
1012 2400 1121 2449 inhaeret
1136 2400 1171 2460 τῷ
1184 2398 1279 2449 mbites.
1312 2400 1404 2449 Mouet

299 2466 381 2527 euim,
400 2471 535 2574 preeunte
554 2466 613 2514 Nic.
631 2464 739 2513 Heinsio
758 2465 785 2513 in
807 2462 884 2527 prael.
906 2463 939 2514 ad
959 2464 1029 2513 Edit.
1052 2463 1162 2513 Elsevir.
1180 2462 1254 2525 Virg.
1273 2462 1403 2526 Romanis,

300 2526 404 2590 August
424 2528 570 2603 praesertim
585 2528 691 2591 seculo,
704 2529 876 2591 scriptoribus
892 2528 920 2577 in
932 2542 980 2577 usu
996 2526 1206 2591 frequentissimo
1218 2526 1307 2585 runc,
1318 2534 1347 2577 ut
1358 2526 1403 2576 de·

300 2591 447 2640 clinatiours
458 2590 545 2639 tertia
555 2589 711 2655 nominibus,
719 2606 778 2654 qua
794 2605 883 2641 casum
895 2592 1021 2655 pluralem
1034 2592 1060 2640 ln
1071 2592 1122 2640 tam
1137 2592 1286 2653 terminant,
1296 2596 1402 2655 quartus

299 2654 395 2703 deinde
405 2668 479 2704 casus
488 2654 515 2703 in
526 2655 557 2714 is,
572 2667 624 2702 non
635 2654 660 2701 in
671 2669 705 2717 es,
715 2654 914 2705 terminaretur:
951 2654 1002 2704 nod
1012 2654 1183 2705 vetustissima
1193 2668 1302 2719 quaeque
1313 2668 1402 2703 monu-

298 2725 388 2767 ments
403 2723 532 2767 testentur
543 2734 552 2779 ;
565 2716 610 2766 sed
623 2732 696 2766 asam
716 2718 788 2767 lllum
807 2735 875 2768 nrrnc
887 2670 956 2782 apud
967 2733 1014 2769 uos
1033 2718 1246 2768 obsolevisse-h
1262 2718 1315 2767 Ma.
1331 2718 1401 2768 Pith.

296 2783 381 2845 possit.
409 2782 462 2833 bis.
479 2782 540 2833 Per.
554 2781 682 2831 wrdutess
691 2781 844 2843 lacera-8
861 2781 921 2834 Per.
935 2796 1019 2832 scurra
1035 2797 1095 2832 anas
1107 2782 1195 2832 urbusc
1210 2784 1331 2832 sale—ll
1349 2782 1401 2833 Ma.

792 2946 900 2999 NO'l'AE

298 3064 403 3130 bantur,
421 3068 490 3138 quod
501 3070 528 3118 in
539 3071 616 3121 Circo
626 3071 826 3134 exhiberentur,
869 3070 1051 3135 Proscenium,
1068 3072 1141 3121 locus
1153 3076 1215 3120 ante
1227 3080 1329 3117 scenam
1340 3079 1401 3131 por-

298 3143 410 3205 Scenici,
428 3142 496 3207 qaod
513 3144 645 3208 insecus,
663 3146 712 3195 boc
730 3154 781 3208 est,
799 3148 827 3197 in
870 3154 968 3199 rectus.
1002 3146 1145 3197 Orchestra
1163 3146 1236 3194 locus
1254 3143 1280 3191 lu
1299 3156 1350 3207 quo
1361 3155 1401 3192 se·

297 3216 389 3265 ambra
407 3224 557 3282 agerentur,
576 3220 646 3269 ethi
665 3220 827 3283 ingeniorum
870 3229 974 3287 naturas
994 3221 1138 3286 spectaturi
1158 3219 1303 3279 sedebunt3
1331 3217 1401 3281 apud

298 3294 417 3343 acumine
429 3300 457 3342 et
471 3289 528 3343 arte
538 3293 702 3345 constabant.
735 3296 828 3345 Plures
870 3297 979 3347 Graecos
992 3312 1053 3347 vero
1071 3295 1220 3346 saltationes
1239 3292 1265 3343 in
1282 3305 1314 3341 eo
1326 3305 1402 3355 pera·

296 3362 590 3419 numeranturlodomm
597 3369 830 3434 Scesicorunrspe·
870 3373 1006 3435 gebsntur.
1039 3373 1174 3437 Pulpitum
1191 3377 1231 3422 est
1250 3370 1277 3419 in
1296 3384 1347 3435 quo
1358 3382 1401 3419 ac·

297 3445 369 3504 cies;
384 3443 529 3507 Tragoedia,
538 3445 680 3508 Comoeclia,
695 3446 791 3510 Satira,
802 3453 829 3498 et
869 3455 939 3500 tores
951 3450 1100 3514 prodibant.

297 3520 402 3570 Mimas.
447 3520 488 3569 lbi
509 3521 625 3584 loquitur
645 3521 773 3572 Phaedros
794 3522 828 3573 de
901 3528 932 3575 13
949 3524 1037 3588 Scene]
1053 3522 1165 3589 Proprie
1176 3528 1233 3573 erat
1242 3520 1362 3573 arborum
1373 3522 1400 3573 in

298 3594 378 3645 Ludis
389 3594 511 3655 scenicis,
522 3602 551 3645 et
561 3596 596 3643 de
606 3596 699 3647 Mimo.
869 3614 897 3650 se
908 3600 1057 3651 cubantium
1066 3605 1248 3649 concamerata
1257 3598 1399 3658 ¹condensu-

330 3669 463 3733 SScurru]
480 3668 532 3721 Qui
551 3669 628 3720 risum
640 3672 738 3722 excitat
754 3672 827 3722 audi·
869 3675 914 3724 tio.
947 3675 1014 3725 Nam
1035 3674 1127 3738 priscis
1148 3671 1318 3737 temporibus,
1336 3679 1399 3723 aute

296 3749 404 3810 toribus,
424 3746 574 3797 noubabita
591 3747 693 3798 ratione
704 3764 828 3800 uerecun·
867 3765 942 3801 usum
961 3750 1132 3812 theatrorum,
1154 3748 1202 3798 sub
1219 3746 1351 3797 frondibus
1370 3755 1399 3799 et

298 3826 349 3875 dise
361 3833 389 3875 et
400 3824 546 3888 dignitatis.
867 3827 1025 3876 umbraculis
1043 3825 1157 3889 agebant
1176 3823 1250 3873 ludos
1267 3822 1398 3873 Scenicos.

330 3904 362 3950 lt)
382 3900 496 3963 theatro]
511 3898 543 3949 ln
553 3912 605 3965 quo
614 3896 669 3947 ludi
676 3899 778 3949 scenici
788 3914 827 3949 re·
868 3901 955 3953 Quare
966 3901 1051 3950 Sceua
1062 3898 1287 3964 crescerentque
1299 3898 1400 3949 Cassio-

297 3977 533 4043 praesentabantur.
567 3976 664 4040 Figura
673 3983 730 4025 erat
739 3976 765 4024 in
774 3990 827 4025 mo·
867 3973 955 4038 dorus,
974 3975 1007 4025 ab
1020 3974 1108 4024 umbra
1116 3973 1169 4023 luci
1178 3971 1339 4034 densissima,
1355 3971 1399 4021 ubi

297 4052 358 4102 dum
364 4050 516 4115 hemicycli,
523 4050 599 4114 cajus
606 4050 640 4099 ab
649 4057 760 4115 utroque
770 4064 828 4099 cor·
868 4064 884 4099 a
893 4052 1048 4113 pastoribus,
1058 4051 1195 4101 inchoante
1204 4062 1274 4111 rere,
1285 4048 1400 4120 earmina

297 4136 523 4178 nuseenaeerant.
557 4126 650 4177 Partes
658 4125 829 4175 enimtheatri
868 4126 1050 4177 cantabantur.
1084 4128 1161 4177 Nunc
1173 4126 1245 4175 dicta
1253 4130 1294 4174 est
1305 4123 1398 4173 theatri

298 4204 373 4249 sunt:
390 4215 477 4264 scena,
493 4202 636 4265 orchestra,
653 4202 827 4266 proscenium,
867 4214 927 4265 pars
939 4202 964 4252 iu
976 4217 1026 4267 qua
1038 4203 1078 4253 rel
1090 4200 1224 4263 comesdin,
1243 4201 1284 4251 vel
1303 4206 1398 4263 tragu-

296 4286 325 4325 et
333 4276 470 4340 pulpitum.
494 4276 661 4327 Scensfrons
670 4284 711 4327 est
720 4274 825 4329 theatri.
866 4277 917 4342 dia,
930 4284 973 4328 attt
984 4278 1063 4328 satira
1073 4278 1219 4328 exhibetur.
