<?xml version="1.0" encoding="UTF-8"?>
<!DOCTYPE html PUBLIC "-//W3C//DTD XHTML 1.0 Transitional//EN"
    "http://www.w3.org/TR/xhtml1/DTD/xhtml1-transitional.dtd">
<html xmlns="http://www.w3.org/1999/xhtml" xml:lang="en" lang="en">
 <head>
  <title>
</title>
<meta http-equiv="Content-Type" content="text/html;charset=utf-8" />
  <meta name='ocr-system' content='tesseract 3.04.00' />
  <meta name='ocr-capabilities' content='ocr_page ocr_carea ocr_par ocr_line ocrx_word'/>
</head>
<body>
  <div class='ocr_page' id='page_1' title='image "./phaedriaugustil00schwgoog_0305.png"; bbox 0 0 3192 4967; ppageno 0'>
   <div class='ocr_carea' id='block_1_1' title="bbox 498 423 843 490">
    <p class='ocr_par' dir='ltr' id='par_1_1' title="bbox 498 423 843 490">
     <span class='ocr_line' id='line_1_1' title="bbox 498 423 843 490; baseline 0.009 -4"><span class='ocrx_word' id='word_1_1' title='bbox 498 457 501 465; x_wconf 90' lang='lat'>·</span> <span class='ocrx_word' id='word_1_2' title='bbox 620 438 769 490; x_wconf 70' lang='lat' dir='ltr'><strong>neruus</strong></span> <span class='ocrx_word' id='word_1_3' title='bbox 790 423 843 489; x_wconf 71' lang='lat'><strong>13.</strong></span> 
     </span>
    </p>
   </div>
   <div class='ocr_carea' id='block_1_2' title="bbox 186 545 1031 871">
    <p class='ocr_par' dir='ltr' id='par_1_2' title="bbox 186 545 1031 871">
     <span class='ocr_line' id='line_1_2' title="bbox 186 545 936 667; baseline -0.003 -18"><span class='ocrx_word' id='word_1_4' title='bbox 186 583 236 649; x_wconf 86' lang='lat' dir='ltr'><strong>Ut</strong></span> <span class='ocrx_word' id='word_1_5' title='bbox 249 588 321 649; x_wconf 79' lang='lat' dir='ltr'><strong>tuta</strong></span> <span class='ocrx_word' id='word_1_6' title='bbox 332 581 431 667; x_wconf 81' lang='lat' dir='ltr'><strong>tignis</strong></span> <span class='ocrx_word' id='word_1_7' title='bbox 443 580 556 648; x_wconf 87' lang='lat' dir='ltr'><strong>nidum</strong></span> <span class='ocrx_word' id='word_1_8' title='bbox 570 583 754 667; x_wconf 84' lang='lat' dir='ltr'><strong>suspendat</strong></span> <span class='ocrx_word' id='word_1_9' title='bbox 767 590 877 649; x_wconf 84' lang='lat' dir='ltr'><strong>suum.</strong></span> <span class='ocrx_word' id='word_1_10' title='bbox 933 545 936 549; x_wconf 20' lang='grc' dir='ltr'><strong><em>Ι</em></strong></span> 
     </span>
     <span class='ocr_line' id='line_1_3' title="bbox 187 684 1031 769; baseline 0.001 -20"><span class='ocrx_word' id='word_1_11' title='bbox 187 684 266 764; x_wconf 88' lang='lat' dir='ltr'><strong>Sed,</strong></span> <span class='ocrx_word' id='word_1_12' title='bbox 282 705 358 769; x_wconf 82' lang='lat' dir='ltr'><strong>quae</strong></span> <span class='ocrx_word' id='word_1_13' title='bbox 372 685 504 752; x_wconf 80' lang='lat' dir='ltr'><strong>salubre</strong></span> <span class='ocrx_word' id='word_1_14' title='bbox 517 684 677 749; x_wconf 89' lang='lat' dir='ltr'><strong>monitum</strong></span> <span class='ocrx_word' id='word_1_15' title='bbox 691 684 786 750; x_wconf 85' lang='lat' dir='ltr'><strong>Aves</strong></span> <span class='ocrx_word' id='word_1_16' title='bbox 798 684 1031 769; x_wconf 80' lang='lat' dir='ltr'>despexerant,</span> 
     </span>
     <span class='ocr_line' id='line_1_4' title="bbox 187 786 860 871; baseline 0.003 -20"><span class='ocrx_word' id='word_1_17' title='bbox 187 786 240 852; x_wconf 92' lang='lat' dir='ltr'><strong>De</strong></span> <span class='ocrx_word' id='word_1_18' title='bbox 251 788 318 852; x_wconf 92' lang='lat' dir='ltr'><strong>lino</strong></span> <span class='ocrx_word' id='word_1_19' title='bbox 331 787 430 853; x_wconf 84' lang='lat' dir='ltr'><strong>fectis</strong></span> <span class='ocrx_word' id='word_1_20' title='bbox 444 791 554 871; x_wconf 78' lang='lat' dir='ltr'><strong>ceptae</strong></span> <span class='ocrx_word' id='word_1_21' title='bbox 569 794 711 871; x_wconf 87' lang='lat' dir='ltr'><strong>pereunt</strong></span> <span class='ocrx_word' id='word_1_22' title='bbox 724 788 860 859; x_wconf 80' lang='lat' dir='ltr'><strong>retibus.</strong></span> 
     </span>
    </p>
   </div>
   <div class='ocr_carea' id='block_1_3' title="bbox 581 1110 875 1145">
    <p class='ocr_par' dir='ltr' id='par_1_3' title="bbox 581 1110 875 1145">
     <span class='ocr_line' id='line_1_5' title="bbox 581 1110 875 1145; baseline -0.007 0"><span class='ocrx_word' id='word_1_23' title='bbox 581 1110 875 1145; x_wconf 52' lang='lat' dir='ltr'>m</span> 
     </span>
    </p>
   </div>
   <div class='ocr_carea' id='block_1_4' title="bbox 590 1391 870 1451">
    <p class='ocr_par' dir='ltr' id='par_1_4' title="bbox 590 1391 870 1451">
     <span class='ocr_line' id='line_1_6' title="bbox 590 1391 870 1451; baseline -0.004 -1"><span class='ocrx_word' id='word_1_24' title='bbox 590 1391 751 1451; x_wconf 79' lang='lat' dir='ltr'>FABULA</span> <span class='ocrx_word' id='word_1_25' title='bbox 784 1392 870 1451; x_wconf 89' lang='lat' dir='ltr'><strong>Xlll.</strong></span> 
     </span>
    </p>
   </div>
   <div class='ocr_carea' id='block_1_5' title="bbox 490 1619 977 1690">
    <p class='ocr_par' dir='ltr' id='par_1_5' title="bbox 490 1619 977 1690">
     <span class='ocr_line' id='line_1_7' title="bbox 490 1619 977 1690; baseline 0 -3"><span class='ocrx_word' id='word_1_26' title='bbox 490 1622 685 1690; x_wconf 89' lang='lat' dir='ltr'><strong>PERDIX</strong></span> <span class='ocrx_word' id='word_1_27' title='bbox 706 1621 768 1686; x_wconf 86' lang='lat' dir='ltr'><strong>ET</strong></span> <span class='ocrx_word' id='word_1_28' title='bbox 789 1619 977 1687; x_wconf 88' lang='lat' dir='ltr'><strong>VULPIS.</strong></span> 
     </span>
    </p>
   </div>
   <div class='ocr_carea' id='block_1_6' title="bbox 157 1852 1019 3552">
    <p class='ocr_par' dir='ltr' id='par_1_6' title="bbox 157 1852 1019 3552">
     <span class='ocr_line' id='line_1_8' title="bbox 184 1852 905 1940; baseline 0.006 -23"><span class='ocrx_word' id='word_1_29' title='bbox 184 1852 355 1918; x_wconf 83' lang='lat' dir='ltr'><strong>Rusnnrr</strong></span> <span class='ocrx_word' id='word_1_30' title='bbox 371 1855 439 1921; x_wconf 83' lang='lat' dir='ltr'><strong>altu</strong></span> <span class='ocrx_word' id='word_1_31' title='bbox 449 1856 615 1940; x_wconf 84' lang='lat' dir='ltr'><strong>quondam</strong></span> <span class='ocrx_word' id='word_1_32' title='bbox 631 1859 759 1923; x_wconf 83' lang='lat' dir='ltr'><strong>Perdix</strong></span> <span class='ocrx_word' id='word_1_33' title='bbox 771 1858 905 1922; x_wconf 85' lang='lat' dir='ltr'><strong>arbore:</strong></span> 
     </span>
     <span class='ocr_line' id='line_1_9' title="bbox 183 1941 963 2043; baseline 0.003 -25"><span class='ocrx_word' id='word_1_34' title='bbox 183 1953 333 2020; x_wconf 84' lang='lat' dir='ltr'><strong>Advenit</strong></span> <span class='ocrx_word' id='word_1_35' title='bbox 345 1956 480 2043; x_wconf 84' lang='lat' dir='ltr'><strong>Vulpis.</strong></span> <span class='ocrx_word' id='word_1_36' title='bbox 524 1944 654 2025; x_wconf 80' lang='lat' dir='ltr'><strong>Deinde</strong></span> <span class='ocrx_word' id='word_1_37' title='bbox 670 1961 720 2025; x_wconf 91' lang='lat' dir='ltr'><strong>sic</strong></span> <span class='ocrx_word' id='word_1_38' title='bbox 734 1962 839 2043; x_wconf 88' lang='lat' dir='ltr'><strong>coepit</strong></span> <span class='ocrx_word' id='word_1_39' title='bbox 852 1941 963 2041; x_wconf 76' lang='lat' dir='ltr'><strong>loqui&#39;:</strong></span> 
     </span>
     <span class='ocr_line' id='line_1_10' title="bbox 185 2046 943 2144; baseline 0.004 -24"><span class='ocrx_word' id='word_1_40' title='bbox 185 2053 214 2118; x_wconf 92' lang='grc' dir='ltr'><strong>Ο</strong></span> <span class='ocrx_word' id='word_1_41' title='bbox 230 2063 353 2142; x_wconf 83' lang='lat' dir='ltr'><strong>quante</strong></span> <span class='ocrx_word' id='word_1_42' title='bbox 368 2061 478 2125; x_wconf 87' lang='lat' dir='ltr'><strong>vultus</strong></span> <span class='ocrx_word' id='word_1_43' title='bbox 492 2063 624 2144; x_wconf 87' lang='lat' dir='ltr'><strong>species</strong></span> <span class='ocrx_word' id='word_1_44' title='bbox 637 2070 704 2141; x_wconf 72' lang='lat' dir='ltr'><strong>est,&#39;</strong></span> <span class='ocrx_word' id='word_1_45' title='bbox 716 2054 861 2137; x_wconf 71' lang='lat' dir='ltr'><strong>Perdix..</strong></span> <span class='ocrx_word' id='word_1_46' title='bbox 873 2046 943 2124; x_wconf 83' lang='lat' dir='ltr'><strong>tui!</strong></span> 
     </span>
     <span class='ocr_line' id='line_1_11' title="bbox 182 2154 908 2244; baseline 0.003 -23"><span class='ocrx_word' id='word_1_47' title='bbox 182 2154 316 2223; x_wconf 77' lang='lat' dir='ltr'><strong>Getullu</strong></span> <span class='ocrx_word' id='word_1_48' title='bbox 329 2166 481 2238; x_wconf 85' lang='lat' dir='ltr'><strong>rostrum,</strong></span> <span class='ocrx_word' id='word_1_49' title='bbox 493 2180 589 2224; x_wconf 81' lang='lat' dir='ltr'><strong>crura</strong></span> <span class='ocrx_word' id='word_1_50' title='bbox 602 2163 738 2225; x_wconf 85' lang='lat' dir='ltr'><strong>vincunt</strong></span> <span class='ocrx_word' id='word_1_51' title='bbox 750 2179 908 2244; x_wconf 87' lang='lat' dir='ltr'><strong>purpuree</strong></span> 
     </span>
     <span class='ocr_line' id='line_1_12' title="bbox 184 2256 981 2343; baseline 0 -20"><span class='ocrx_word' id='word_1_52' title='bbox 184 2256 380 2340; x_wconf 80' lang='lat' dir='ltr'><strong>Fulgorem:</strong></span> <span class='ocrx_word' id='word_1_53' title='bbox 402 2265 437 2324; x_wconf 83' lang='lat' dir='ltr'><strong>et</strong></span> <span class='ocrx_word' id='word_1_54' title='bbox 451 2261 480 2323; x_wconf 93' lang='lat' dir='ltr'><strong>si</strong></span> <span class='ocrx_word' id='word_1_55' title='bbox 495 2260 663 2338; x_wconf 84' lang='lat' dir='ltr'><strong>dormires,</strong></span> <span class='ocrx_word' id='word_1_56' title='bbox 679 2265 802 2343; x_wconf 83' lang='lat' dir='ltr'><strong>quanto</strong></span> <span class='ocrx_word' id='word_1_57' title='bbox 812 2258 981 2343; x_wconf 85' lang='lat' dir='ltr'><strong>pulchrior</strong></span> 
     </span>
     <span class='ocr_line' id='line_1_13' title="bbox 182 2359 891 2438; baseline 0 -15"><span class='ocrx_word' id='word_1_58' title='bbox 182 2359 306 2424; x_wconf 78' lang='lat' dir='ltr'><strong>Esses!</strong></span> <span class='ocrx_word' id='word_1_59' title='bbox 339 2359 388 2425; x_wconf 87' lang='lat' dir='ltr'><strong>Ut</strong></span> <span class='ocrx_word' id='word_1_60' title='bbox 401 2362 504 2426; x_wconf 81' lang='lat' dir='ltr'><strong>stultu</strong></span> <span class='ocrx_word' id='word_1_61' title='bbox 519 2361 639 2426; x_wconf 85' lang='lat' dir='ltr'><strong>clausit</strong></span> <span class='ocrx_word' id='word_1_62' title='bbox 653 2362 783 2438; x_wconf 88' lang='lat' dir='ltr'><strong>oculos,</strong></span> <span class='ocrx_word' id='word_1_63' title='bbox 798 2360 891 2424; x_wconf 90' lang='lat' dir='ltr'><strong>illico</strong></span> 
     </span>
     <span class='ocr_line' id='line_1_14' title="bbox 182 2459 893 2546; baseline 0.001 -21"><span class='ocrx_word' id='word_1_64' title='bbox 182 2459 287 2545; x_wconf 80' lang='lat' dir='ltr'><strong>Rupit</strong></span> <span class='ocrx_word' id='word_1_65' title='bbox 302 2462 487 2528; x_wconf 75' lang='lat' dir='ltr'>credentem</span> <span class='ocrx_word' id='word_1_66' title='bbox 500 2462 634 2546; x_wconf 87' lang='lat' dir='ltr'><strong>Vulpis.</strong></span> <span class='ocrx_word' id='word_1_67' title='bbox 679 2462 744 2527; x_wconf 82' lang='lat' dir='ltr'><strong>Illa</strong></span> <span class='ocrx_word' id='word_1_68' title='bbox 757 2462 893 2527; x_wconf 86' lang='lat' dir='ltr'><strong>fletibus</strong></span> 
     </span>
     <span class='ocr_line' id='line_1_15' title="bbox 182 2560 971 2649; baseline 0.003 -24"><span class='ocrx_word' id='word_1_69' title='bbox 182 2561 273 2627; x_wconf 81' lang='lat' dir='ltr'><strong>Haec</strong></span> <span class='ocrx_word' id='word_1_70' title='bbox 286 2562 393 2630; x_wconf 82' lang='lat' dir='ltr'><strong>mixto</strong></span> <span class='ocrx_word' id='word_1_71' title='bbox 406 2564 565 2647; x_wconf 78' lang='lat' dir='ltr'><strong>gravibus</strong></span> <span class='ocrx_word' id='word_1_72' title='bbox 578 2566 681 2630; x_wconf 82' lang='lat' dir='ltr'><strong>verbe</strong></span> <span class='ocrx_word' id='word_1_73' title='bbox 693 2565 839 2649; x_wconf 82' lang='lat' dir='ltr'><strong>supplex</strong></span> <span class='ocrx_word' id='word_1_74' title='bbox 853 2560 971 2628; x_wconf 86' lang='lat' dir='ltr'><strong>edidit:</strong></span> 
     </span>
     <span class='ocr_line' id='line_1_16' title="bbox 182 2660 853 2749; baseline 0.006 -25"><span class='ocrx_word' id='word_1_75' title='bbox 182 2660 248 2726; x_wconf 87' lang='lat' dir='ltr'><strong>Per</strong></span> <span class='ocrx_word' id='word_1_76' title='bbox 261 2682 283 2727; x_wconf 91' lang='lat' dir='ltr'><strong>o</strong></span> <span class='ocrx_word' id='word_1_77' title='bbox 296 2670 438 2743; x_wconf 85' lang='lat' dir='ltr'><strong>tuarum,</strong></span> <span class='ocrx_word' id='word_1_78' title='bbox 449 2664 585 2749; x_wconf 79' lang='lat' dir='ltr'><strong>Vulpis,</strong></span> <span class='ocrx_word' id='word_1_79' title='bbox 601 2666 722 2729; x_wconf 84' lang='lat' dir='ltr'><strong>artium</strong></span> <span class='ocrx_word' id='word_1_80' title='bbox 735 2665 853 2744; x_wconf 82' lang='lat' dir='ltr'><strong>decus,</strong></span> 
     </span>
     <span class='ocr_line' id='line_1_17' title="bbox 181 2761 922 2851; baseline 0.003 -24"><span class='ocrx_word' id='word_1_81' title='bbox 181 2761 232 2827; x_wconf 89' lang='lat' dir='ltr'><strong>Ut</strong></span> <span class='ocrx_word' id='word_1_82' title='bbox 246 2770 335 2844; x_wconf 83' lang='lat' dir='ltr'><strong>ente,</strong></span> <span class='ocrx_word' id='word_1_83' title='bbox 348 2785 480 2849; x_wconf 75' lang='lat' dir='ltr'><strong>quaeso,</strong></span> <span class='ocrx_word' id='word_1_84' title='bbox 494 2786 616 2831; x_wconf 89' lang='lat' dir='ltr'><strong>nomen</strong></span> <span class='ocrx_word' id='word_1_85' title='bbox 629 2767 779 2851; x_wconf 83' lang='lat' dir='ltr'><strong>proferes</strong></span> <span class='ocrx_word' id='word_1_86' title='bbox 793 2786 922 2845; x_wconf 69' lang='lat' dir='ltr'><strong>meum:</strong></span> 
     </span>
     <span class='ocr_line' id='line_1_18' title="bbox 180 2862 935 2950; baseline -0.001 -23"><span class='ocrx_word' id='word_1_87' title='bbox 180 2862 239 2929; x_wconf 89' lang='lat' dir='ltr'><strong>Sic</strong></span> <span class='ocrx_word' id='word_1_88' title='bbox 253 2864 437 2931; x_wconf 81' lang='lat' dir='ltr'><strong>devorabis.</strong></span> <span class='ocrx_word' id='word_1_89' title='bbox 481 2867 619 2950; x_wconf 87' lang='lat' dir='ltr'><strong>Vulpis,</strong></span> <span class='ocrx_word' id='word_1_90' title='bbox 633 2868 694 2931; x_wconf 86' lang='lat' dir='ltr'><strong>ubi</strong></span> <span class='ocrx_word' id='word_1_91' title='bbox 707 2866 815 2932; x_wconf 87' lang='lat' dir='ltr'><strong>voluit</strong></span> <span class='ocrx_word' id='word_1_92' title='bbox 828 2864 935 2949; x_wconf 89' lang='lat' dir='ltr'><strong>loqui,</strong></span> 
     </span>
     <span class='ocr_line' id='line_1_19' title="bbox 180 2961 856 3048; baseline -0.003 -20"><span class='ocrx_word' id='word_1_93' title='bbox 180 2961 324 3048; x_wconf 82' lang='lat' dir='ltr'><strong>Aperuit</strong></span> <span class='ocrx_word' id='word_1_94' title='bbox 336 2985 394 3033; x_wconf 89' lang='lat' dir='ltr'><strong>os:</strong></span> <span class='ocrx_word' id='word_1_95' title='bbox 417 2972 453 3032; x_wconf 86' lang='lat' dir='ltr'><strong>at</strong></span> <span class='ocrx_word' id='word_1_96' title='bbox 467 2967 596 3031; x_wconf 81' lang='lat' dir='ltr'><strong>Perdix</strong></span> <span class='ocrx_word' id='word_1_97' title='bbox 609 2966 719 3030; x_wconf 83' lang='lat' dir='ltr'><strong>erasit</strong></span> <span class='ocrx_word' id='word_1_98' title='bbox 730 2976 856 3027; x_wconf 84' lang='lat' dir='ltr'><strong>necem.</strong></span> 
     </span>
     <span class='ocr_line' id='line_1_20' title="bbox 183 3062 1019 3150; baseline -0.004 -21"><span class='ocrx_word' id='word_1_99' title='bbox 183 3063 334 3149; x_wconf 81' lang='lat' dir='ltr'><strong>Decepta</strong></span> <span class='ocrx_word' id='word_1_100' title='bbox 346 3067 489 3150; x_wconf 87' lang='lat' dir='ltr'><strong>Vulpis:</strong></span> <span class='ocrx_word' id='word_1_101' title='bbox 513 3067 604 3146; x_wconf 86' lang='lat' dir='ltr'><strong>Quid</strong></span> <span class='ocrx_word' id='word_1_102' title='bbox 618 3084 706 3148; x_wconf 88' lang='lat' dir='ltr'><strong>opus</strong></span> <span class='ocrx_word' id='word_1_103' title='bbox 720 3068 793 3129; x_wconf 85' lang='lat' dir='ltr'><strong>erat</strong></span> <span class='ocrx_word' id='word_1_104' title='bbox 805 3064 901 3148; x_wconf 88' lang='lat' dir='ltr'><strong>loqui</strong></span> <span class='ocrx_word' id='word_1_105' title='bbox 915 3062 1019 3127; x_wconf 80' lang='lat' dir='ltr'><strong>mihil</strong></span> 
     </span>
     <span class='ocr_line' id='line_1_21' title="bbox 157 3164 946 3250; baseline -0.003 -20"><span class='ocrx_word' id='word_1_106' title='bbox 157 3230 161 3241; x_wconf 79' lang='grc'><em>,</em></span> <span class='ocrx_word' id='word_1_107' title='bbox 183 3164 383 3250; x_wconf 83' lang='lat' dir='ltr'><strong>Respondet</strong></span> <span class='ocrx_word' id='word_1_108' title='bbox 397 3167 540 3232; x_wconf 82' lang='lat' dir='ltr'><strong>Perdix:</strong></span> <span class='ocrx_word' id='word_1_109' title='bbox 563 3166 608 3231; x_wconf 88' lang='lat' dir='ltr'><strong>Et</strong></span> <span class='ocrx_word' id='word_1_110' title='bbox 622 3166 761 3231; x_wconf 88' lang='lat' dir='ltr'><strong>dormire</strong></span> <span class='ocrx_word' id='word_1_111' title='bbox 775 3166 854 3248; x_wconf 91' lang='lat' dir='ltr'><strong>quid</strong></span> <span class='ocrx_word' id='word_1_112' title='bbox 865 3166 946 3229; x_wconf 86' lang='lat' dir='ltr'><strong>milri</strong></span> 
     </span>
     <span class='ocr_line' id='line_1_22' title="bbox 181 3262 900 3347; baseline 0.001 -18"><span class='ocrx_word' id='word_1_113' title='bbox 181 3262 262 3337; x_wconf 83' lang='lat' dir='ltr'><strong>Erat</strong></span> <span class='ocrx_word' id='word_1_114' title='bbox 273 3287 426 3347; x_wconf 84' lang='lat' dir='ltr'><strong>necesse,</strong></span> <span class='ocrx_word' id='word_1_115' title='bbox 441 3287 576 3333; x_wconf 89' lang='lat' dir='ltr'><strong>somnus</strong></span> <span class='ocrx_word' id='word_1_116' title='bbox 591 3268 646 3331; x_wconf 91' lang='lat' dir='ltr'><strong>cui</strong></span> <span class='ocrx_word' id='word_1_117' title='bbox 659 3286 725 3331; x_wconf 89' lang='lat' dir='ltr'><strong>non</strong></span> <span class='ocrx_word' id='word_1_118' title='bbox 739 3267 900 3332; x_wconf 77' lang='lat' dir='ltr'><strong>venerati</strong></span> 
     </span>
     <span class='ocr_line' id='line_1_23' title="bbox 222 3366 981 3453; baseline 0.003 -23"><span class='ocrx_word' id='word_1_119' title='bbox 222 3366 302 3431; x_wconf 91' lang='lat' dir='ltr'><strong>Hoc</strong></span> <span class='ocrx_word' id='word_1_120' title='bbox 316 3368 394 3446; x_wconf 92' lang='lat' dir='ltr'><strong>illis,</strong></span> <span class='ocrx_word' id='word_1_121' title='bbox 409 3372 468 3452; x_wconf 92' lang='lat' dir='ltr'><strong>qui</strong></span> <span class='ocrx_word' id='word_1_122' title='bbox 481 3369 670 3453; x_wconf 90' lang='lat' dir='ltr'><strong>loquuntur,</strong></span> <span class='ocrx_word' id='word_1_123' title='bbox 681 3369 740 3433; x_wconf 91' lang='lat' dir='ltr'><strong>ubi</strong></span> <span class='ocrx_word' id='word_1_124' title='bbox 751 3368 801 3432; x_wconf 94' lang='lat' dir='ltr'><strong>nil</strong></span> <span class='ocrx_word' id='word_1_125' title='bbox 816 3373 868 3432; x_wconf 90' lang='lat' dir='ltr'><strong>est</strong></span> <span class='ocrx_word' id='word_1_126' title='bbox 882 3387 981 3451; x_wconf 89' lang='lat' dir='ltr'><strong>opus,</strong></span> 
     </span>
     <span class='ocr_line' id='line_1_24' title="bbox 181 3466 902 3552; baseline 0.006 -21"><span class='ocrx_word' id='word_1_127' title='bbox 181 3466 225 3532; x_wconf 87' lang='lat' dir='ltr'><strong>Et</strong></span> <span class='ocrx_word' id='word_1_128' title='bbox 239 3469 308 3552; x_wconf 90' lang='lat' dir='ltr'><strong>qui,</strong></span> <span class='ocrx_word' id='word_1_129' title='bbox 323 3469 462 3551; x_wconf 81' lang='lat' dir='ltr'><strong>vigilare</strong></span> <span class='ocrx_word' id='word_1_130' title='bbox 474 3490 550 3535; x_wconf 91' lang='lat' dir='ltr'><strong>cum</strong></span> <span class='ocrx_word' id='word_1_131' title='bbox 562 3468 902 3547; x_wconf 69' lang='lat' dir='ltr'><strong>neeessedorrniunt.</strong></span> 
     </span>
    </p>
   </div>
   <div class='ocr_carea' id='block_1_7' title="bbox 674 3646 787 3700">
    <p class='ocr_par' dir='ltr' id='par_1_7' title="bbox 674 3646 787 3700">
     <span class='ocr_line' id='line_1_25' title="bbox 674 3646 787 3700; baseline 0.018 -3"><span class='ocrx_word' id='word_1_132' title='bbox 674 3646 787 3700; x_wconf 71' lang='lat' dir='ltr'><strong>:tom</strong></span> 
     </span>
    </p>
   </div>
   <div class='ocr_carea' id='block_1_8' title="bbox 181 3748 1282 4206">
    <p class='ocr_par' dir='ltr' id='par_1_8' title="bbox 181 3748 1281 4051">
     <span class='ocr_line' id='line_1_26' title="bbox 213 3748 1280 3825; baseline 0.004 -18"><span class='ocrx_word' id='word_1_133' title='bbox 213 3756 281 3807; x_wconf 78' lang='lat' dir='ltr'><strong>Haec</strong></span> <span class='ocrx_word' id='word_1_134' title='bbox 306 3756 396 3809; x_wconf 75' lang='lat' dir='ltr'><strong>fabule</strong></span> <span class='ocrx_word' id='word_1_135' title='bbox 421 3760 491 3825; x_wconf 79' lang='lat' dir='ltr'><strong>apud</strong></span> <span class='ocrx_word' id='word_1_136' title='bbox 516 3762 599 3811; x_wconf 83' lang='lat' dir='ltr'><strong>solum</strong></span> <span class='ocrx_word' id='word_1_137' title='bbox 625 3758 711 3811; x_wconf 89' lang='grc' dir='ltr'><strong>Αιιοιι.</strong></span> <span class='ocrx_word' id='word_1_138' title='bbox 751 3757 833 3810; x_wconf 79' lang='lat' dir='ltr'><strong>eelse&#39;</strong></span> <span class='ocrx_word' id='word_1_139' title='bbox 824 3748 841 3783; x_wconf 86' lang='lat'><strong>&#39;&#39;</strong></span> <span class='ocrx_word' id='word_1_140' title='bbox 855 3754 967 3810; x_wconf 75' lang='lat' dir='ltr'><strong>Phedro</strong></span> <span class='ocrx_word' id='word_1_141' title='bbox 989 3750 1092 3810; x_wconf 80' lang='lat' dir='ltr'><strong>dicitur.</strong></span> <span class='ocrx_word' id='word_1_142' title='bbox 1124 3758 1234 3809; x_wconf 84' lang='lat' dir='ltr'><strong>Licetv</strong></span> <span class='ocrx_word' id='word_1_143' title='bbox 1218 3774 1280 3811; x_wconf 86' lang='lat' dir='ltr'><strong>vero</strong></span> 
     </span>
     <span class='ocr_line' id='line_1_27' title="bbox 181 3834 1281 3900; baseline 0.003 -18"><span class='ocrx_word' id='word_1_144' title='bbox 181 3848 208 3883; x_wconf 90' lang='lat' dir='ltr'><strong>n.</strong></span> <span class='ocrx_word' id='word_1_145' title='bbox 229 3846 296 3883; x_wconf 84' lang='lat' dir='ltr'><strong>xxx.</strong></span> <span class='ocrx_word' id='word_1_146' title='bbox 318 3834 431 3899; x_wconf 76' lang='lat' dir='ltr'><strong>legi3tnr</strong></span> <span class='ocrx_word' id='word_1_147' title='bbox 456 3838 539 3887; x_wconf 79' lang='lat' dir='ltr'><strong>multe</strong></span> <span class='ocrx_word' id='word_1_148' title='bbox 565 3851 628 3887; x_wconf 86' lang='lat' dir='ltr'><strong>vero</strong></span> <span class='ocrx_word' id='word_1_149' title='bbox 651 3852 720 3887; x_wconf 79' lang='lat' dir='ltr'><strong>eum</strong></span> <span class='ocrx_word' id='word_1_150' title='bbox 751 3836 903 3900; x_wconf 82' lang='lat' dir='ltr'><strong>plerumque</strong></span> <span class='ocrx_word' id='word_1_151' title='bbox 922 3836 1042 3900; x_wconf 76' lang='lat' dir='ltr'><strong>perdices</strong></span> <span class='ocrx_word' id='word_1_152' title='bbox 1056 3834 1163 3899; x_wconf 80' lang='lat' dir='ltr'><strong>propter</strong></span> <span class='ocrx_word' id='word_1_153' title='bbox 1176 3834 1281 3885; x_wconf 78' lang='lat' dir='ltr'><strong>humum</strong></span> 
     </span>
     <span class='ocr_line' id='line_1_28' title="bbox 181 3906 1282 3977; baseline 0.005 -20"><span class='ocrx_word' id='word_1_154' title='bbox 181 3906 348 3960; x_wconf 75' lang='lat' dir='ltr'><strong>Phaedrolib.</strong></span> <span class='ocrx_word' id='word_1_155' title='bbox 360 3924 380 3963; x_wconf 88' lang='lat'><strong>1.</strong></span> <span class='ocrx_word' id='word_1_156' title='bbox 390 3910 442 3964; x_wconf 79' lang='lat' dir='ltr'><strong>fab.</strong></span> <span class='ocrx_word' id='word_1_157' title='bbox 453 3917 493 3963; x_wconf 74' lang='lat' dir='ltr'><strong>lt.</strong></span> <span class='ocrx_word' id='word_1_158' title='bbox 510 3912 711 3965; x_wconf 79' lang='lat' dir='ltr'><strong>hebetcomnru·</strong></span> <span class='ocrx_word' id='word_1_159' title='bbox 751 3912 871 3977; x_wconf 79' lang='lat' dir='ltr'><strong>volitent,</strong></span> <span class='ocrx_word' id='word_1_160' title='bbox 882 3918 978 3964; x_wconf 81' lang='lat' dir='ltr'><strong>etraro</strong></span> <span class='ocrx_word' id='word_1_161' title='bbox 985 3911 1282 3977; x_wconf 79' lang='lat' dir='ltr'><strong>iinerborbossedeent,</strong></span> 
     </span>
     <span class='ocr_line' id='line_1_29' title="bbox 181 3984 1280 4051; baseline 0.005 -18"><span class='ocrx_word' id='word_1_162' title='bbox 181 3984 233 4033; x_wconf 78' lang='lat' dir='ltr'><strong>nio.</strong></span> <span class='ocrx_word' id='word_1_163' title='bbox 750 3988 806 4038; x_wconf 88' lang='lat' dir='ltr'><strong>Poe&#39;</strong></span> <span class='ocrx_word' id='word_1_164' title='bbox 808 3988 907 4038; x_wconf 79' lang='lat' dir='ltr'><strong>tishaeo</strong></span> <span class='ocrx_word' id='word_1_165' title='bbox 920 3987 1018 4051; x_wconf 76' lang='lat' dir='ltr'><strong>fingere</strong></span> <span class='ocrx_word' id='word_1_166' title='bbox 1037 3987 1204 4051; x_wconf 86' lang='lat' dir='ltr'><strong>permittitur.</strong></span> <span class='ocrx_word' id='word_1_167' title='bbox 1237 3988 1280 4038; x_wconf 78' lang='lat' dir='ltr'><strong>lta</strong></span> 
     </span>
    </p>

    <p class='ocr_par' dir='ltr' id='par_1_9' title="bbox 181 4058 1282 4206">
     <span class='ocr_line' id='line_1_30' title="bbox 214 4058 1282 4134; baseline 0.01 -27"><span class='ocrx_word' id='word_1_168' title='bbox 214 4058 354 4134; x_wconf 65' lang='lat' dir='ltr'><strong>ldrlore]</strong></span> <span class='ocrx_word' id='word_1_169' title='bbox 377 4060 709 4112; x_wconf 60' lang='lat' dir='ltr'><strong>homeritensem</strong></span> <span class='ocrx_word' id='word_1_170' title='bbox 751 4062 1282 4118; x_wconf 78' lang='lat' dir='ltr'><strong>0v.Met.v111.uer.‘rGarutaramosa</strong></span> 
     </span>
     <span class='ocr_line' id='line_1_31' title="bbox 181 4135 1131 4206; baseline 0.002 -20"><span class='ocrx_word' id='word_1_171' title='bbox 181 4135 378 4188; x_wconf 78' lang='lat' dir='ltr'><strong>sednoserbore</strong></span> <span class='ocrx_word' id='word_1_172' title='bbox 391 4138 562 4202; x_wconf 66' lang='lat' dir='ltr'><strong>premimus,</strong></span> <span class='ocrx_word' id='word_1_173' title='bbox 581 4144 659 4204; x_wconf 81' lang='lat' dir='ltr'><strong>quae‘</strong></span> <span class='ocrx_word' id='word_1_174' title='bbox 668 4153 711 4189; x_wconf 84' lang='lat' dir='ltr'><strong>ex·</strong></span> <span class='ocrx_word' id='word_1_175' title='bbox 750 4155 810 4206; x_wconf 85' lang='lat' dir='ltr'><strong>pros</strong></span> <span class='ocrx_word' id='word_1_176' title='bbox 813 4135 1131 4205; x_wconf 60' lang='lat' dir='ltr'><strong>pexitubilieeperdixss</strong></span> 
     </span>
    </p>
   </div>
   <div class='ocr_carea' id='block_1_9' title="bbox 0 0 1600 4967">
    <p class='ocr_par' dir='ltr' id='par_1_10' title="bbox 0 0 1600 4967">
     <span class='ocr_line' id='line_1_32' title="bbox 0 0 1600 4967; baseline 0 1"><span class='ocrx_word' id='word_1_177' title='bbox 0 0 1600 4967; x_wconf 95' lang='lat' dir='ltr'><strong> </strong></span> 
     </span>
    </p>
   </div>
  </div>
 </body>
</html>
