3192 4967
295 400 361 467 1116
509 416 661 466 rameru
685 416 923 465 ranunrnuu
947 414 1175 465 usormuurr

297 557 409 639 Quam
423 559 607 643 corrigatur
621 578 711 625 error
724 564 763 623 ut
773 560 974 638 mortalium,
1057 636 1062 648 Ι

295 662 476 747 Acuatque
490 682 565 729 sese
579 662 719 743 diligens
732 662 906 727 industria.

298 762 508 849 Quicumque
521 762 622 829 inerit
634 782 713 845 ergo
726 764 892 827 narrantis
902 764 1013 847 jocus,

298 866 388 931 llum
400 866 513 949 capiat
527 883 652 942 aurem,
665 870 699 928 et
712 870 820 929 servet
832 864 1041 947 propositum
1055 882 1164 943 suum,

239 1022 243 1027 .
298 964 352 1031 Re
367 967 627 1045 commendatur,
641 986 705 1031 non
719 968 864 1032 auctoris
878 967 1024 1031 nomine.

298 1069 464 1154 Equidem
479 1071 569 1133 omni
583 1088 667 1134 cura
678 1089 804 1133 morem
819 1071 960 1134 servabo
974 1068 1070 1145 senis,

298 1169 365 1235 Sed
379 1171 408 1235 si
422 1170 557 1236 libuerit
571 1170 701 1253 aliquid
715 1171 937 1254 interponere,

299 1270 478 1337 Dictorum
494 1291 612 1337 sensus
627 1279 665 1338 nt
678 1272 820 1337 delectet
834 1273 986 1348 varicem,

299 1372 413 1440 Bonus
427 1376 461 1439 in
474 1382 601 1458 partes,
617 1372 747 1453 Lector,
761 1375 912 1457 accipias
926 1373 1039 1450 velim,

293 1562 400 1625 subules,
417 1563 466 1613 riri
484 1568 510 1611 ut
531 1562 594 1613 citio
614 1564 733 1613 lenimur
747 1565 906 1625 emendentur,
922 1569 945 1613 et
961 1570 991 1612 ut
1010 1566 1119 1611 accuratu
1132 1560 1257 1623 diligentie
1272 1561 1396 1610 excitetur.

302 1626 457 1689 Qum
473 1627 550 1689 igitur
560 1629 688 1677 temerii
696 1630 785 1677 oeourio
795 1628 917 1689 numani,
926 1630 981 1676 dum
997 1633 1075 1676 teuent
1085 1639 1162 1688 auree,
1173 1632 1197 1675 et
1212 1630 1320 1689 requtrtur
1330 1640 1397 1673 uuum

300 1692 430 1751 cmrilium,
439 1692 569 1739 aedimmur
578 1692 647 1740 reim
654 1693 721 1755 ipris,
730 1709 775 1742 non
785 1692 877 1742 nomiae
887 1692 997 1742 auetorir.
1033 1693 1103 1741 Certe
1112 1706 1195 1753 sequor
1205 1691 1268 1740 omri
1278 1690 1398 1739 iuduetriu

299 1755 486 1805 mtudinem
500 1755 562 1804 reric
574 1756 679 1817 AEropi:
696 1772 777 1806 rerum
796 1760 818 1806 ri
834 1758 896 1805 milri
905 1756 1022 1805 ridebitur
1038 1757 1140 1805 imerere
1150 1754 1359 1818 uliquidjueorum,
1367 1759 1397 1811 ut

300 1818 511 1869 &mulceremur
521 1821 601 1884 rurgir
613 1822 715 1883 pluerat,
723 1822 804 1883 eelim,
823 1824 904 1884 lectu,
919 1821 980 1885 equi
990 1821 1086 1883 meique
1096 1820 1208 1869 eorrulm.
1242 1818 1284 1869 Sir
1296 1816 1398 1867 breuiter

762 1949 939 1969 mmm

299 2038 445 2087 redimere
453 2037 620 2102 nriptigeuur
629 2038 746 2102 conjicit.
779 2039 921 2101 Bentleiur,
932 2039 1016 2104 gladio
1027 2038 1156 2089 Gordium
1166 2038 1259 2087 nodum
1272 2051 1399 2097 resecent,

300 2109 331 2151 ut
341 2101 484 2152 Burmanni
493 2103 579 2152 rerbie
589 2110 658 2162 uter,
668 2103 741 2152 e'ieit
752 2104 845 2167 AEropi,
858 2110 886 2153 et
898 2104 1030 2167 supponit,
1043 2102 1166 2165 Exemplis
1176 2105 1307 2151 metiretur
1316 2103 1397 2151 iume-

300 2177 446 2229 rumgeruu.
477 2166 654 2217 Seduetendit
691 2168 771 2229 ιιίιιι,
780 2169 823 2217 irie
835 2182 886 2217 nou
897 2169 1036 2217 universim
1046 2168 1079 2215 de
1090 2167 1225 2230 exemplis,
1237 2169 1282 2214 sed
1294 2166 1327 2214 de
1338 2168 1397 2215 uelis

300 2232 389 2295 AEtopi
398 2231 491 2281 fubulie
499 2232 557 2296 egi;
568 2246 618 2281 uec
629 2232 685 2295 ipre
694 2243 779 2281 tameo
790 2247 819 2282 ue
830 2232 949 2296 expedit,
957 2233 1006 2281 uiri
1019 2239 1102 2280 totum
1114 2228 1275 2279 infarciendo
1287 2245 1398 2293 versum,

301 2310 360 2360 quoe
371 2296 438 2346 ratio
447 2302 565 2346 eceterae
576 2297 706 2346 tractandi
717 2298 865 2360 periculosa
876 2304 903 2345 et
915 2297 1051 2346 temeraria
1070 2301 1144 2344 reete
1160 2295 1263 2344 videtur
1274 2296 1398 2343 Burman-

301 2373 344 2408 uo.
377 2361 510 2409 ldeurriuu
529 2368 611 2410 totum
629 2364 762 2425 prologum
782 2369 873 2410 eenuet
888 2363 1005 2410 mutilum
1026 2360 1145 2423 varieque
1162 2360 1397 2423 trejectum,quem

301 2422 440 2474 restituere
449 2431 568 2473 conatur.
602 2427 724 2486 Frustra;
735 2441 793 2475 nam
806 2426 892 2475 omnia
905 2426 969 2475 bene
982 2426 1167 2474 cohaerere-⁵
1188 2424 1397 2485 Narrantirjocm.

302 2487 366 2536 Mer.
378 2488 450 2537 Pitlr.
464 2489 537 2536 llem.
556 2495 585 2537 et
604 2489 653 2538 lld.
667 2491 727 2537 Vei.
747 2491 863 2539 mirandi
877 2492 947 2540 locria
979 2490 1022 2539 Sic
1044 2490 1164 2538 Nerelet.
1183 2488 1281 2551 Rigalt.
1305 2488 1352 2538 Ed.
1372 2492 1397 2537 2.

302 2550 402 2600 Meurr.
412 2551 501 2599 Urrin.
513 2566 528 2600 e
539 2552 726 2600 recentioribus
739 2567 800 2601 vero
809 2554 927 2602 Muitter.
937 2556 1049 2602 Brotier.
1062 2554 1165 2615 Blpout.
1177 2553 1322 2602 Destriilon.
1346 2552 1396 2602 Sed

302 2615 485 2663 memmium
495 2622 536 2663 ert
547 2630 618 2676 aneu,
629 2616 730 2664 occasio
741 2616 951 2679 (Vernulueruug)
963 2617 1092 2677 rtarraudl,
1108 2618 1176 2681 qnod
1188 2616 1293 2678 dicitur,
1304 2623 1332 2666 nt
1343 2620 1351 2645 ‘
1363 2619 1399 2666 lo·

302 2692 348 2729 cue
359 2678 503 2742 gaudendi:
519 2680 608 2728 ‘iocur
617 2679 765 2728 resecandae
776 2680 898 2729 libidiuir’
917 2681 985 2744 apud
1006 2681 1168 2741 Ciceronem,
1186 2694 1237 2729 uon
1250 2684 1330 2743 iprum
1341 2696 1399 2731 urr-

302 2742 410 2794 rationis
418 2750 606 2806 argumentum,
617 2744 705 2802 leeujet
716 2746 745 2792 de
753 2744 855 2806 insuite,
867 2745 1079 2809 quemadmodum
1091 2745 1278 2807 interpretatur
1289 2746 1399 2795 Brotier.

302 2806 331 2856 st
341 2807 445 2870 probari
456 2817 555 2870 portet,
565 2822 655 2857 vocem
666 2809 728 2856 leem
744 2808 792 2856 boc
810 2809 954 2869 riguiticare
974 2823 1056 2872 poree,
1075 2809 1243 2858 libentissime
1262 2811 1400 2859 lectionem

303 2868 428 2924 Codicum
439 2886 570 2937 requerer,
580 2884 656 2936 quarn
666 2873 713 2920 riri
725 2872 795 2921 docti
808 2873 937 2935 rejiciunt,
948 2874 1007 2937 quie
1018 2875 1134 2937 requitur
1144 2874 1318 2937 eupiutnurem,
1330 2875 1400 2939 quod

303 2935 395 2997 dejoco
406 2948 487 2995 recte,
498 2937 532 2985 de
545 2938 601 2986 loeo
612 2951 748 3001 perperam
757 2935 863 2987 dicitur.
896 2938 956 2987 Vid.
975 2938 1069 2987 Bnrm.·
1085 2944 1113 2987 et
1129 2939 1272 2990 Truclruclr.
1307 2940 1399 3003 ltaque

298 3001 353 3065 jem
364 3003 424 3051 olim
436 3002 621 3051 Ritterulruuiur
633 3002 869 3065 conjiciebutjocur.
903 3002 967 3051 Cnm
984 3001 1193 3065 AEeopilogorum
1206 3017 1221 3051 a
1233 3003 1343 3052 Platone
1354 3005 1400 3053 liat

302 3068 411 3124 mentio,
419 3066 523 3129 Gnyeto
537 3066 675 3128 legendum
686 3067 798 3128 ridetur,
815 3069 948 3116 mmndur
956 3068 1031 3127 logne.
1065 3065 1126 3129 Alii,
1135 3073 1165 3115 ut
1175 3067 1282 3128 Tollim,
1292 3068 1402 3116 uumurti

303 3130 381 3186 ioeuer
397 3130 526 3189 Smerden,
537 3128 652 3191 Philipp.
668 3131 820 3180 Luilemrnt.
851 3133 1015 3194 Quodcumque
1023 3132 1103 3190 suerit
1121 3146 1177 3192 ergo
1188 3133 1300 3180 remundi
1309 3146 1400 3195 gerum·

304 3193 447 3251 Bentleiur,
459 3194 501 3241 eni
513 3200 589 3255 peret
599 3194 798 3255 Crrningbumur‚
812 3198 943 3244 rumorum
954 3196 1030 3255 jecur.
1065 3196 1172 3259 Optime
1193 3196 1241 3256 illi,
1255 3198 1297 3259 qui
1311 3198 1352 3245 vel
1363 3197 1399 3245 le·

305 3264 378 3320 gunt,
388 3256 608 3319 quicumquefuen't
617 3258 820 3317 mmeetiejeeum
831 3267 861 3307 ut
872 3260 959 3308 Grau.
971 3274 1047 3324 quem
1058 3260 1110 3309 uid.
1123 3260 1155 3309 ad
1165 3260 1219 3308 Cic.
1228 3261 1260 3307 ad
1270 3261 1332 3311 Div.
1343 3274 1399 3314 xvr.

305 3324 347 3370 ²1.
365 3321 425 3369 coll.
443 3322 533 3369 Borm.
551 3322 648 3386 Syllog.
667 3322 734 3385 Epp.
756 3329 819 3370 tom.
832 3336 869 3370 ιν.
882 3340 908 3386 p.
920 3328 976 3373 ⁵86.
993 3328 1032 3373 42.
1046 3328 1102 3374 196.
1137 3324 1277 3385 Heineinr3
1296 3341 1320 3375 u.
1335 3325 1398 3387 Syll.

304 3385 373 3448 Epp.
384 3393 490 3435 tom.1v.
503 3401 528 3449 p.
539 3389 581 3436 44.
610 3386 796 3449 lioogetratun.
809 3388 906 3436 Funcc.
925 3388 1070 3450 Walclriur;
1090 3390 1131 3437 vel
1151 3396 1261 3437 currenti
1273 3389 1352 3453 imur,
1369 3396 1399 3440 ut

305 3448 445 3499 Burmann.
472 3451 517 3499 Sic
523 3450 578 3513 jem
591 3451 651 3500 olim
666 3451 814 3515 conjecerat
826 3450 932 3502 Gudins.
965 3453 996 3502 lu
1016 3453 1081 3502 Cod.
1094 3453 1167 3503 Rern.
1179 3454 1257 3514 enim,
1268 3455 1294 3503 in
1309 3454 1400 3504 eadem

305 3526 378 3575 rece,
401 3517 490 3575 tempe
506 3521 621 3564 mutatur
632 3516 659 3563 iu
673 3518 690 3565 1.
723 3516 766 3565 lte
776 3516 822 3564 lib.
833 3530 853 3565 1.
864 3514 916 3565 fab.
928 3520 969 3567 11.
987 3518 1101 3580 ‘ignavie
1113 3519 1190 3567 etiam
1204 3520 1272 3567 locue
1289 3519 1346 3582 eet,’
1356 3518 1400 3571 ubi

305 3587 397 3641 aperte
405 3579 703 3641 contendendum—t
721 3581 842 3630 Heinsius
852 3590 879 3630 et
890 3581 1024 3631 Bentleinu
1035 3582 1142 3631 rescribi
1154 3584 1249 3646 jubent
1259 3580 1400 3633 eorrmerde'-

306 3648 357 3704 tur,
368 3642 436 3706 quod
449 3641 557 3704 praefert
567 3645 645 3692 etiem
657 3644 745 3693 Grmr.
779 3646 840 3694 Vid.
857 3647 946 3694 Burm.
964 3647 1060 3709 Syllog.
1081 3648 1149 3710 Epp.
1167 3653 1230 3696 tom.
1241 3661 1280 3697 ιν.
1299 3662 1325 3710 p.
1343 3652 1400 3707 68⁶,

306 3706 383 3757 nme
404 3707 609 3757 emendationem
629 3710 820 3771 amplectuntur
837 3710 950 3774 l'bllipp.
970 3712 1123 3760 Lallemunt.
1144 3712 1256 3761 Brotier.
1273 3712 1327 3761 uiue
1347 3712 1400 3760 ulle

306 3774 472 3832 necessitate,
482 3770 634 3820 observante
646 3773 811 3834 Burmanno;
828 3784 865 3822 cst
879 3776 946 3822 enim
960 3776 1040 3823 oratio
1058 3774 1210 3824 confidentis
1228 3782 1256 3824 et
1275 3774 1400 3825 affirmau-

306 3837 348 3888 tie.
382 3836 555 3899 ltefmgeutur
564 3837 641 3884 etiam
652 3838 709 3885 libri
722 3841 813 3900 reripti
825 3848 850 3886 et
860 3838 992 3887 editi—9.
1005 3843 1033 3888 11
1052 3839 1218 3889 Commodum
1231 3849 1257 3889 et
1268 3841 1400 3904 egregium

306 3901 383 3964 liujus
394 3902 443 3950 loci
451 3915 552 3949 rourum
565 3916 631 3960 eree,
643 3904 814 3967 uunrquirque
826 3901 913 3951 videt:
931 3902 1011 3951 nihilo
1021 3918 1082 3952 vero
1094 3904 1177 3953 secius
1188 3907 1259 3953 varie
1269 3907 1317 3954 vrri
1329 3905 1401 3969 docti

307 3974 442 4017 rorarunt.
478 3966 631 4015 ltitterelrm.
655 3968 775 4015 Nevolet.
795 3967 892 4028 Rigalt.
912 3966 983 4015 Edit.
1001 3972 1026 4017 2.
1044 3968 1131 4018 Ursin.
1150 3970 1242 4030 Faber,
1255 3971 1400 4021 Derbillou.

308 4026 429 4080 Heinriur
442 4045 477 4079 vr.
488 4033 512 4078 9.
525 4031 615 4079 mallet
627 4033 721 4093 legere,
730 4030 779 4079 Sed
790 4031 829 4078 uli
840 4030 943 4089 libuerit,
956 4031 973 4079 i.
986 4046 1010 4080 e.
1025 4033 1245 4098 quotiescumque,
1257 4034 1326 4099 qnod
1337 4034 1400 4085 nibil

307 4088 363 4141 fere
374 4093 447 4142 addit
464 4093 602 4158 auteufert
614 4096 709 4147 ueneni.
721 4104 827 4143 notante
843 4095 997 4147 Burmanno.
1029 4098 1096 4148 Quia
1113 4112 1158 4161 per·
1175 4112 1230 4147 com
1251 4099 1352 4147 rudium
1372 4098 1400 4151 iu

309 4154 374 4204 (lod.
385 4158 459 4206 Rem.
470 4166 498 4207 et
515 4159 584 4208 Pitlr.
597 4167 652 4207 erat
660 4160 763 4221 nituerit,
779 4159 838 4208 inde
854 4158 999 4209 Gronovius
1009 4162 1126 4225 conjicit,
1138 4162 1185 4211 Sed
1194 4114 1299 4223 fferre
1309 4162 1401 4226 aliquid

307 4222 463 4293 mlerpmere,
481 4223 542 4285 quia
550 4228 587 4271 ert
596 4233 653 4272 cum
664 4224 790 4273 infinitivo
799 4223 935 4288 aliquunde
947 4238 1003 4287 pro,
1015 4225 1085 4289 licet,
1094 4229 1218 4278 occurrit.
1249 4227 1299 4277 Sed
1311 4228 1349 4276 ita
1357 4227 1401 4275 iric

304 4288 388 4337 etrum
407 4284 482 4351 loqui
495 4293 603 4353 cogetur
622 4288 749 4340 Pbedrue
764 4289 900 4339 durirrime
918 4293 946 4339 et
964 4297 1062 4354 preter
1076 4306 1173 4343 morem
1191 4306 1271 4345 unum.
1305 4291 1400 4359 inqua
