3192 4967
282 448 350 516 298
477 465 671 535 uersuum
698 442 932 517 venusinum
957 467 1195 517 msorrnntn.

584 975 587 982 ’
672 1002 848 1067 ,renum
888 1001 976 1067 xx1.

659 1278 780 1347 ovus
805 1278 867 1344 su
888 1276 1015 1363 nuri.

286 1546 389 1611 Ovus
403 1544 555 1630 Lupique
571 1564 647 1610 cum
662 1548 847 1609 certassent
860 1542 992 1631 praelio,

284 1645 360 1713 111ae
373 1648 530 1724 vicerunt,
544 1651 624 1711 tutae
638 1645 798 1730 praesidio
814 1664 945 1711 canum.
1036 1707 1037 1711 ,

286 1745 375 1832 Lupi
388 1748 513 1829 legatos
524 1748 667 1826 mittunt,
679 1753 715 1813 et
724 1748 854 1831 justam
868 1748 990 1830 petunt

286 1847 366 1913 Hac
379 1848 451 1929 lego
466 1866 596 1931 pacem,
610 1851 649 1910 ut
662 1847 817 1912 dederent
830 1845 921 1912 Oves
934 1860 1047 1921 canes,

286 1947 330 2012 Et
343 1948 478 2014 obsides
489 1947 662 2032 Luporum
677 1947 809 2012 catulos
823 1947 1016 2028 reciperent.

287 2048 390 2127 Oves,
406 2054 564 2115 semmam
579 2049 629 2113 sic
644 2054 816 2131 sperantes
830 2045 967 2127 gratiam

287 2148 382 2227 Iniri,
396 2148 536 2228 faciunt,
551 2146 643 2232 quod
658 2150 880 2231 poposcerunt
894 2144 996 2226 Lupi.
1120 2133 1121 2136 '

287 2249 372 2314 Post
385 2252 490 2335 paulo
504 2268 582 2315 cum
597 2249 782 2332 coepisseut
795 2247 925 2312 ululare
937 2244 1053 2339 catuli,

286 2349 386 2436 Lupi,
400 2353 513 2417 necari
528 2359 708 2416 causantes
721 2356 820 2415 natos
836 2368 929 2426 suos,

286 2450 475 2537 Paccmque
488 2458 620 2537 ruptam
633 2453 677 2517 ab
689 2449 832 2531 Ovibus,
847 2449 993 2533 undique
1007 2448 1136 2532 impetu

287 2551 454 2617 Invadunt
465 2553 559 2617 facto
571 2552 679 2616 nudas
694 2550 923 2616 defensoribus
935 2570 945 2631 3

287 2653 407 2719 Fidem
420 2663 496 2738 quae
510 2653 625 2719 stultae
640 2651 731 2737 quod
744 2654 930 2717 habuerant
942 2648 1109 2725 hostibus,

287 2755 476 2822 Consilium
490 2776 565 2822 sera
577 2756 713 2821 damnet
726 2753 934 2837 poenitentia.

331 2856 544 2935 Praesidium,
560 2876 628 2941 quo
642 2857 719 2940 quis
733 2855 816 2921 olim
829 2860 921 2921 tutus
936 2852 1080 2932 vixerat,

287 2958 326 3023 Si
339 2960 457 3043 prodat
471 2960 560 3037 aliis,
575 2959 699 3024 frustra
713 2961 793 3041 post
808 2954 989 3022 desiderat.

783 3168 892 3221 NOTAE

320 3295 388 3347 liaec
414 3294 503 3346 fubuia
531 3295 629 3361 legitur
655 3310 698 3361 up.
722 3294 817 3345 Rimic.
858 3292 1193 3347 etulrn.rrb.111.fab.1s.
1211 3292 1289 3343 Schw.

287 3370 333 3423 nt.
344 3386 387 3422 111.
397 3371 451 3423 fob.
463 3375 503 3423 18.
519 3370 667 3423 Auemfuh.
677 3375 719 3422 ⁴8.
732 3378 760 3421 et
768 3373 818 3422 Ro·
890 3372 1048 3420 ssAEterrtcm
1068 3370 1184 3434 gruttam]
1217 3372 1257 3421 Ex
1282 3370 1386 3419 Terent.

288 3449 351 3497 mul.
360 3446 413 3497 sab.
423 3452 463 3497 32.
476 3455 504 3498 et
517 3448 705 3498 Demosthenes
715 3446 765 3498 hac
777 3447 818 3497 vel
858 3446 923 3496 Euo.
937 3458 964 3497 v.
973 3450 998 3495 Β.
1008 3448 1049 3495 33.

285 3522 365 3574 simili
374 3530 480 3571 narrata
490 3520 578 3573 subulo
588 3522 711 3588 obtinuit,
721 3538 755 3575 ue
763 3538 818 3573 ore·
890 3528 922 3574 12
938 3522 1034 3588 Fidem]
1050 3524 1093 3575 ita
1100 3540 1134 3575 ex
1141 3522 1271 3589 Anonymi
1281 3536 1387 3586 corrup·

287 3606 359 3650 tores
378 3596 536 3648 dederentur
556 3599 714 3651 Alexandro.
756 3601 817 3652 vid.
857 3600 891 3651 tis
904 3600 997 3665 verbis,
1010 3602 1131 3651 ceretium
1146 3602 1206 3666 quod
1220 3602 1307 3650 dudum
1317 3598 1388 3648 hohu-

289 3673 424 3726 Plutorch.
440 3671 583 3724 Alexandr.
599 3683 626 3726 et
643 3677 713 3727 elios
731 3678 816 3727 Burm.
857 3680 925 3726 eram
935 3676 1084 3741 meumhovt,
1102 3690 1159 3743 pro,
1174 3676 1295 3727 musiliano
1304 3674 1386 3739 Wfl·

290 3751 412 3804 Occurrit
428 3750 485 3801 huc
498 3747 588 3800 fabulo
603 3765 645 3815 sp.
662 3752 736 3803 Rom.
755 3753 818 3805 Div.
857 3756 910 3805 dem
919 3754 943 3803 Ιι.
955 3769 978 3806 a.
989 3752 1050 3805 feci.
