<?xml version="1.0" encoding="UTF-8"?>
<!DOCTYPE html PUBLIC "-//W3C//DTD XHTML 1.0 Transitional//EN"
    "http://www.w3.org/TR/xhtml1/DTD/xhtml1-transitional.dtd">
<html xmlns="http://www.w3.org/1999/xhtml" xml:lang="en" lang="en">
 <head>
  <title>
</title>
<meta http-equiv="Content-Type" content="text/html;charset=utf-8" />
  <meta name='ocr-system' content='tesseract 3.04.00' />
  <meta name='ocr-capabilities' content='ocr_page ocr_carea ocr_par ocr_line ocrx_word'/>
</head>
<body>
  <div class='ocr_page' id='page_1' title='image "./phaedriaugustil00schwgoog_0242.png"; bbox 0 0 3192 4967; ppageno 0'>
   <div class='ocr_carea' id='block_1_1' title="bbox 318 436 1208 517">
    <p class='ocr_par' dir='ltr' id='par_1_1' title="bbox 318 436 1208 517">
     <span class='ocr_line' id='line_1_1' title="bbox 318 436 1208 517; baseline -0.033 1"><span class='ocrx_word' id='word_1_1' title='bbox 318 446 391 517; x_wconf 69' lang='lat'><strong>&#39;228</strong></span> <span class='ocrx_word' id='word_1_2' title='bbox 535 457 687 510; x_wconf 77' lang='lat' dir='ltr'><strong>rnsnnr</strong></span> <span class='ocrx_word' id='word_1_3' title='bbox 712 436 950 504; x_wconf 79' lang='lat' dir='ltr'><strong>rsuunrnuu</strong></span> <span class='ocrx_word' id='word_1_4' title='bbox 976 442 1208 495; x_wconf 78' lang='lat' dir='ltr'><strong>nsoerrnurr</strong></span> 
     </span>
    </p>
   </div>
   <div class='ocr_carea' id='block_1_2' title="bbox 326 592 1089 881">
    <p class='ocr_par' dir='ltr' id='par_1_2' title="bbox 326 592 1089 881">
     <span class='ocr_line' id='line_1_2' title="bbox 328 592 1089 686; baseline -0.03 -11"><span class='ocrx_word' id='word_1_5' title='bbox 328 608 404 675; x_wconf 89' lang='lat' dir='ltr'><strong>Nec</strong></span> <span class='ocrx_word' id='word_1_6' title='bbox 418 611 471 672; x_wconf 85' lang='lat' dir='ltr'><strong>est</strong></span> <span class='ocrx_word' id='word_1_7' title='bbox 484 603 631 680; x_wconf 84' lang='lat' dir='ltr'><strong>difficile,</strong></span> <span class='ocrx_word' id='word_1_8' title='bbox 646 615 768 686; x_wconf 82' lang='lat' dir='ltr'><strong>poenas</strong></span> <span class='ocrx_word' id='word_1_9' title='bbox 782 596 896 679; x_wconf 78' lang='lat' dir='ltr'><strong>culpes</strong></span> <span class='ocrx_word' id='word_1_10' title='bbox 910 592 1089 675; x_wconf 84' lang='lat' dir='ltr'><strong>imponere.</strong></span> 
     </span>
     <span class='ocr_line' id='line_1_3' title="bbox 327 694 1044 782; baseline -0.029 -5"><span class='ocrx_word' id='word_1_11' title='bbox 327 710 407 777; x_wconf 86' lang='lat' dir='ltr'><strong>Non</strong></span> <span class='ocrx_word' id='word_1_12' title='bbox 420 713 498 774; x_wconf 82' lang='lat' dir='ltr'><strong>veto</strong></span> <span class='ocrx_word' id='word_1_13' title='bbox 510 706 644 782; x_wconf 90' lang='lat' dir='ltr'><strong>dimitti,</strong></span> <span class='ocrx_word' id='word_1_14' title='bbox 658 719 777 768; x_wconf 82' lang='lat' dir='ltr'><strong>verum</strong></span> <span class='ocrx_word' id='word_1_15' title='bbox 791 697 931 763; x_wconf 82' lang='lat' dir='ltr'><strong>eruciari</strong></span> <span class='ocrx_word' id='word_1_16' title='bbox 943 694 1044 771; x_wconf 84' lang='lat' dir='ltr'><strong>tame,</strong></span> 
     </span>
     <span class='ocr_line' id='line_1_4' title="bbox 326 797 1080 881; baseline -0.028 -4"><span class='ocrx_word' id='word_1_17' title='bbox 326 810 383 876; x_wconf 89' lang='lat' dir='ltr'><strong>Ne</strong></span> <span class='ocrx_word' id='word_1_18' title='bbox 396 816 543 875; x_wconf 86' lang='lat' dir='ltr'><strong>ventrem</strong></span> <span class='ocrx_word' id='word_1_19' title='bbox 558 805 727 871; x_wconf 88' lang='lat' dir='ltr'><strong>continere</strong></span> <span class='ocrx_word' id='word_1_20' title='bbox 741 816 810 864; x_wconf 91' lang='lat' dir='ltr'><strong>non</strong></span> <span class='ocrx_word' id='word_1_21' title='bbox 825 797 957 881; x_wconf 80' lang='lat' dir='ltr'><strong>possint</strong></span> <span class='ocrx_word' id='word_1_22' title='bbox 972 814 1080 863; x_wconf 84' lang='lat' dir='ltr'><strong>suum.</strong></span> 
     </span>
    </p>
   </div>
   <div class='ocr_carea' id='block_1_3' title="bbox 325 898 1069 1194">
    <p class='ocr_par' dir='ltr' id='par_1_3' title="bbox 325 898 1069 1194">
     <span class='ocr_line' id='line_1_5' title="bbox 326 898 996 989; baseline -0.025 -13"><span class='ocrx_word' id='word_1_23' title='bbox 326 910 372 975; x_wconf 85' lang='lat' dir='ltr'><strong>Et</strong></span> <span class='ocrx_word' id='word_1_24' title='bbox 384 912 450 975; x_wconf 89' lang='lat' dir='ltr'><strong>boc</strong></span> <span class='ocrx_word' id='word_1_25' title='bbox 463 907 575 972; x_wconf 81' lang='lat' dir='ltr'><strong>seretis</strong></span> <span class='ocrx_word' id='word_1_26' title='bbox 588 924 651 989; x_wconf 93' lang='lat' dir='ltr'><strong>pro</strong></span> <span class='ocrx_word' id='word_1_27' title='bbox 661 902 794 987; x_wconf 89' lang='lat' dir='ltr'><strong>judicio</strong></span> <span class='ocrx_word' id='word_1_28' title='bbox 808 898 996 982; x_wconf 75' lang='lat' dir='ltr'><strong>premium.</strong></span> 
     </span>
     <span class='ocr_line' id='line_1_6' title="bbox 325 996 1069 1091; baseline -0.022 -13"><span class='ocrx_word' id='word_1_29' title='bbox 325 1002 384 1077; x_wconf 85' lang='lat' dir='ltr'><strong>nli</strong></span> <span class='ocrx_word' id='word_1_30' title='bbox 398 1016 520 1088; x_wconf 91' lang='lat' dir='ltr'><strong>autem,</strong></span> <span class='ocrx_word' id='word_1_31' title='bbox 534 1006 591 1091; x_wconf 88' lang='lat' dir='ltr'><strong>qui</strong></span> <span class='ocrx_word' id='word_1_32' title='bbox 604 1006 767 1069; x_wconf 87' lang='lat' dir='ltr'><strong>miseruut</strong></span> <span class='ocrx_word' id='word_1_33' title='bbox 782 1020 846 1066; x_wconf 84' lang='lat' dir='ltr'><strong>vus</strong></span> <span class='ocrx_word' id='word_1_34' title='bbox 860 1006 931 1063; x_wconf 87' lang='lat' dir='ltr'><strong>tam</strong></span> <span class='ocrx_word' id='word_1_35' title='bbox 945 996 1069 1075; x_wconf 79' lang='lat' dir='ltr'><strong>sutiles,</strong></span> 
     </span>
     <span class='ocr_line' id='line_1_7' title="bbox 327 1099 1068 1194; baseline -0.018 -18"><span class='ocrx_word' id='word_1_36' title='bbox 327 1111 514 1194; x_wconf 81' lang='lat' dir='ltr'><strong>Nunquam</strong></span> <span class='ocrx_word' id='word_1_37' title='bbox 527 1107 686 1172; x_wconf 88' lang='lat' dir='ltr'><strong>carebunt</strong></span> <span class='ocrx_word' id='word_1_38' title='bbox 699 1102 846 1167; x_wconf 89' lang='lat' dir='ltr'><strong>huminis</strong></span> <span class='ocrx_word' id='word_1_39' title='bbox 861 1099 1068 1165; x_wconf 79' lang='lat' dir='ltr'><strong>contumelia.</strong></span> 
     </span>
    </p>
   </div>
   <div class='ocr_carea' id='block_1_4' title="bbox 327 1202 1102 1395">
    <p class='ocr_par' dir='ltr' id='par_1_4' title="bbox 327 1202 1102 1395">
     <span class='ocr_line' id='line_1_8' title="bbox 327 1202 1102 1291; baseline -0.018 -13"><span class='ocrx_word' id='word_1_40' title='bbox 327 1212 387 1277; x_wconf 88' lang='lat' dir='ltr'><strong>Ita</strong></span> <span class='ocrx_word' id='word_1_41' title='bbox 400 1230 489 1276; x_wconf 91' lang='lat' dir='ltr'><strong>nuuc</strong></span> <span class='ocrx_word' id='word_1_42' title='bbox 503 1209 632 1291; x_wconf 79' lang='lat' dir='ltr'><strong>legatos</strong></span> <span class='ocrx_word' id='word_1_43' title='bbox 646 1207 827 1289; x_wconf 82' lang='lat' dir='ltr'><strong>expectant</strong></span> <span class='ocrx_word' id='word_1_44' title='bbox 841 1208 875 1269; x_wconf 88' lang='lat' dir='ltr'><strong>et</strong></span> <span class='ocrx_word' id='word_1_45' title='bbox 887 1202 1027 1289; x_wconf 80' lang='lat' dir='ltr'><strong>posteri.</strong></span> <span class='ocrx_word' id='word_1_46' title='bbox 1100 1206 1102 1211; x_wconf 86' lang='lat'>&#39;</span> 
     </span>
     <span class='ocr_line' id='line_1_9' title="bbox 328 1304 1057 1395; baseline -0.018 -15"><span class='ocrx_word' id='word_1_47' title='bbox 328 1313 467 1379; x_wconf 80' lang='lat' dir='ltr'><strong>Novum</strong></span> <span class='ocrx_word' id='word_1_48' title='bbox 483 1311 592 1379; x_wconf 86' lang='lat' dir='ltr'><strong>venire</strong></span> <span class='ocrx_word' id='word_1_49' title='bbox 606 1309 667 1395; x_wconf 89' lang='lat' dir='ltr'><strong>qui</strong></span> <span class='ocrx_word' id='word_1_50' title='bbox 682 1308 787 1385; x_wconf 88' lang='lat' dir='ltr'><strong>videt,</strong></span> <span class='ocrx_word' id='word_1_51' title='bbox 802 1306 914 1371; x_wconf 87' lang='lat' dir='ltr'><strong>culum</strong></span> <span class='ocrx_word' id='word_1_52' title='bbox 930 1304 1057 1370; x_wconf 83' lang='lat' dir='ltr'><strong>olfacit.</strong></span> 
     </span>
    </p>
   </div>
   <div class='ocr_carea' id='block_1_5' title="bbox 325 1500 1433 1828">
    <p class='ocr_par' dir='ltr' id='par_1_5' title="bbox 325 1500 1433 1828">
     <span class='ocr_line' id='line_1_10' title="bbox 326 1500 1432 1587; baseline -0.011 0"><span class='ocrx_word' id='word_1_53' title='bbox 326 1508 629 1587; x_wconf 54' lang='lat' dir='ltr'><strong>mammes«,</strong></span> <span class='ocrx_word' id='word_1_54' title='bbox 644 1520 686 1556; x_wconf 53' lang='grc' dir='ltr'><em>Μ</em></span> <span class='ocrx_word' id='word_1_55' title='bbox 704 1510 741 1582; x_wconf 61' lang='grc' dir='ltr'><strong>ε*</strong></span> <span class='ocrx_word' id='word_1_56' title='bbox 757 1518 880 1581; x_wconf 60' lang='lat' dir='ltr'><strong>wer·</strong></span> <span class='ocrx_word' id='word_1_57' title='bbox 898 1503 1022 1579; x_wconf 55' lang='lat' dir='ltr'><strong>„sen</strong></span> <span class='ocrx_word' id='word_1_58' title='bbox 1037 1518 1082 1567; x_wconf 67' lang='lat' dir='ltr'><strong>rr</strong></span> <span class='ocrx_word' id='word_1_59' title='bbox 1099 1502 1192 1581; x_wconf 52' lang='lat' dir='ltr'><strong>ene</strong></span> <span class='ocrx_word' id='word_1_60' title='bbox 1209 1500 1337 1577; x_wconf 55' lang='lat' dir='ltr'><strong>nnus.</strong></span> <span class='ocrx_word' id='word_1_61' title='bbox 1370 1500 1432 1575; x_wconf 63' lang='lat' dir='ltr'><strong>fle</strong></span> 
     </span>
     <span class='ocr_line' id='line_1_11' title="bbox 325 1564 1433 1709; baseline -0.016 -22"><span class='ocrx_word' id='word_1_62' title='bbox 325 1578 559 1709; x_wconf 59' lang='lat' dir='ltr'><strong>emme</strong></span> <span class='ocrx_word' id='word_1_63' title='bbox 569 1570 929 1695; x_wconf 52' lang='lat' dir='ltr'><strong>„irritentur</strong></span> <span class='ocrx_word' id='word_1_64' title='bbox 943 1568 1020 1695; x_wconf 72' lang='lat' dir='ltr'><strong>..tt</strong></span> <span class='ocrx_word' id='word_1_65' title='bbox 1030 1564 1433 1708; x_wconf 52' lang='lat' dir='ltr'><strong>tenerrime:</strong></span> 
     </span>
     <span class='ocr_line' id='line_1_12' title="bbox 326 1693 1431 1760; baseline -0.008 -9"><span class='ocrx_word' id='word_1_66' title='bbox 326 1702 431 1751; x_wconf 77' lang='lat' dir='ltr'><strong>tenetiie</strong></span> <span class='ocrx_word' id='word_1_67' title='bbox 440 1700 581 1749; x_wconf 66' lang='lat' dir='ltr'><strong>mutere</strong></span> <span class='ocrx_word' id='word_1_68' title='bbox 615 1699 656 1749; x_wconf 83' lang='lat' dir='ltr'><strong>Ito</strong></span> <span class='ocrx_word' id='word_1_69' title='bbox 666 1698 821 1751; x_wconf 73' lang='lat' dir='ltr'><strong>messes</strong></span> <span class='ocrx_word' id='word_1_70' title='bbox 836 1698 1002 1760; x_wconf 57' lang='lat' dir='ltr'><strong>pereuntes</strong></span> <span class='ocrx_word' id='word_1_71' title='bbox 1018 1696 1154 1747; x_wconf 68' lang='lat' dir='ltr'><strong>secerneres</strong></span> <span class='ocrx_word' id='word_1_72' title='bbox 1170 1696 1270 1759; x_wconf 62' lang='lat' dir='ltr'><strong>taestm,</strong></span> <span class='ocrx_word' id='word_1_73' title='bbox 1288 1708 1341 1745; x_wconf 80' lang='lat' dir='ltr'><strong>csse</strong></span> <span class='ocrx_word' id='word_1_74' title='bbox 1351 1693 1431 1743; x_wconf 69' lang='lat' dir='ltr'><strong>cedat</strong></span> 
     </span>
     <span class='ocr_line' id='line_1_13' title="bbox 327 1762 903 1828; baseline -0.002 -12"><span class='ocrx_word' id='word_1_75' title='bbox 327 1762 675 1828; x_wconf 72' lang='lat' dir='ltr'><strong>esnemeiiosensseiestees,</strong></span> <span class='ocrx_word' id='word_1_76' title='bbox 685 1765 814 1813; x_wconf 68' lang='lat' dir='ltr'><strong>umes</strong></span> <span class='ocrx_word' id='word_1_77' title='bbox 822 1776 903 1815; x_wconf 71' lang='lat' dir='ltr'><strong>uere·</strong></span> 
     </span>
    </p>
   </div>
   <div class='ocr_carea' id='block_1_6' title="bbox 790 1864 970 1908">
    <p class='ocr_par' dir='ltr' id='par_1_6' title="bbox 790 1864 970 1908">
     <span class='ocr_line' id='line_1_14' title="bbox 790 1864 970 1908; baseline 0 -1"><span class='ocrx_word' id='word_1_78' title='bbox 790 1864 970 1908; x_wconf 61' lang='lat' dir='ltr'><strong>”W</strong></span> 
     </span>
    </p>
   </div>
   <div class='ocr_carea' id='block_1_7' title="bbox 303 1966 1462 3640">
    <p class='ocr_par' dir='ltr' id='par_1_7' title="bbox 303 1966 1462 3640">
     <span class='ocr_line' id='line_1_15' title="bbox 303 1966 1433 2035; baseline -0.006 -13"><span class='ocrx_word' id='word_1_79' title='bbox 303 2018 308 2029; x_wconf 85' lang='lat'><strong>,</strong></span> <span class='ocrx_word' id='word_1_80' title='bbox 327 1971 394 2035; x_wconf 68' lang='lat' dir='ltr'><strong>segis</strong></span> <span class='ocrx_word' id='word_1_81' title='bbox 409 1976 454 2033; x_wconf 82' lang='lat' dir='ltr'><strong>eet,</strong></span> <span class='ocrx_word' id='word_1_82' title='bbox 469 1972 560 2035; x_wconf 71' lang='lat' dir='ltr'><strong>tegetes</strong></span> <span class='ocrx_word' id='word_1_83' title='bbox 574 1985 621 2020; x_wconf 83' lang='lat' dir='ltr'><strong>sss</strong></span> <span class='ocrx_word' id='word_1_84' title='bbox 636 1970 832 2021; x_wconf 61' lang='lat' dir='ltr'><strong>‹linium—2⁰</strong></span> <span class='ocrx_word' id='word_1_85' title='bbox 849 1970 901 2021; x_wconf 81' lang='lat' dir='ltr'><strong>Hic</strong></span> <span class='ocrx_word' id='word_1_86' title='bbox 914 1984 1002 2020; x_wconf 84' lang='lat' dir='ltr'><strong>sersus</strong></span> <span class='ocrx_word' id='word_1_87' title='bbox 1019 1974 1155 2033; x_wconf 82' lang='lat' dir='ltr'><strong>suspectus</strong></span> <span class='ocrx_word' id='word_1_88' title='bbox 1173 1967 1276 2018; x_wconf 78' lang='lat' dir='ltr'><strong>uidetur</strong></span> <span class='ocrx_word' id='word_1_89' title='bbox 1287 1966 1433 2031; x_wconf 68' lang='lat' dir='ltr'><strong>(inpete.-</strong></span> 
     </span>
     <span class='ocr_line' id='line_1_16' title="bbox 328 2031 1433 2099; baseline -0.005 -13"><span class='ocrx_word' id='word_1_90' title='bbox 328 2040 363 2086; x_wconf 88' lang='lat' dir='ltr'><strong>so</strong></span> <span class='ocrx_word' id='word_1_91' title='bbox 381 2036 437 2085; x_wconf 83' lang='lat' dir='ltr'><strong>Nes</strong></span> <span class='ocrx_word' id='word_1_92' title='bbox 453 2041 516 2085; x_wconf 83' lang='lat' dir='ltr'><strong>neto.</strong></span> <span class='ocrx_word' id='word_1_93' title='bbox 533 2034 620 2085; x_wconf 87' lang='lat' dir='ltr'><strong>Benti.</strong></span> <span class='ocrx_word' id='word_1_94' title='bbox 637 2036 693 2084; x_wconf 83' lang='lat' dir='ltr'><strong>Nee</strong></span> <span class='ocrx_word' id='word_1_95' title='bbox 709 2037 771 2097; x_wconf 86' lang='lat' dir='ltr'><strong>eois,</strong></span> <span class='ocrx_word' id='word_1_96' title='bbox 793 2035 921 2099; x_wconf 82' lang='lat' dir='ltr'><strong>prebente</strong></span> <span class='ocrx_word' id='word_1_97' title='bbox 937 2033 1086 2085; x_wconf 80' lang='lat' dir='ltr'><strong>Sebirectrio</strong></span> <span class='ocrx_word' id='word_1_98' title='bbox 1105 2033 1132 2083; x_wconf 90' lang='lat' dir='ltr'><strong>in</strong></span> <span class='ocrx_word' id='word_1_99' title='bbox 1148 2033 1221 2085; x_wconf 84' lang='lat' dir='ltr'><strong>Cisv.</strong></span> <span class='ocrx_word' id='word_1_100' title='bbox 1238 2031 1269 2080; x_wconf 91' lang='lat' dir='ltr'><strong>P.</strong></span> <span class='ocrx_word' id='word_1_101' title='bbox 1289 2044 1310 2080; x_wconf 91' lang='lat' dir='ltr'><strong>r.</strong></span> <span class='ocrx_word' id='word_1_102' title='bbox 1329 2045 1353 2095; x_wconf 92' lang='lat' dir='ltr'><strong>p.</strong></span> <span class='ocrx_word' id='word_1_103' title='bbox 1374 2036 1433 2081; x_wconf 79' lang='lat' dir='ltr'><strong>rae.</strong></span> 
     </span>
     <span class='ocr_line' id='line_1_17' title="bbox 329 2095 1434 2163; baseline -0.005 -13"><span class='ocrx_word' id='word_1_104' title='bbox 329 2100 420 2150; x_wconf 78' lang='lat' dir='ltr'><strong>Editio</strong></span> <span class='ocrx_word' id='word_1_105' title='bbox 430 2107 580 2163; x_wconf 80' lang='lat' dir='ltr'><strong>stereotypu</strong></span> <span class='ocrx_word' id='word_1_106' title='bbox 594 2098 685 2148; x_wconf 82' lang='lat' dir='ltr'><strong>Didoti</strong></span> <span class='ocrx_word' id='word_1_107' title='bbox 702 2099 791 2160; x_wconf 84' lang='lat' dir='ltr'><strong>babet,</strong></span> <span class='ocrx_word' id='word_1_108' title='bbox 810 2099 867 2148; x_wconf 82' lang='lat' dir='ltr'><strong>Nun</strong></span> <span class='ocrx_word' id='word_1_109' title='bbox 883 2098 941 2161; x_wconf 81' lang='lat' dir='ltr'><strong>cite,</strong></span> <span class='ocrx_word' id='word_1_110' title='bbox 953 2105 1013 2162; x_wconf 84' lang='lat' dir='ltr'><strong>post</strong></span> <span class='ocrx_word' id='word_1_111' title='bbox 1024 2096 1148 2147; x_wconf 87' lang='lat' dir='ltr'><strong>Gudium.</strong></span> <span class='ocrx_word' id='word_1_112' title='bbox 1181 2097 1210 2146; x_wconf 87' lang='lat' dir='ltr'><strong>Si</strong></span> <span class='ocrx_word' id='word_1_113' title='bbox 1220 2095 1434 2157; x_wconf 76' lang='lat' dir='ltr'><strong>dinisitdupiter</strong></span> 
     </span>
     <span class='ocr_line' id='line_1_18' title="bbox 328 2158 1434 2228; baseline -0.005 -15"><span class='ocrx_word' id='word_1_114' title='bbox 328 2165 441 2228; x_wconf 72' lang='lat' dir='ltr'><strong>iegstos,</strong></span> <span class='ocrx_word' id='word_1_115' title='bbox 448 2178 497 2214; x_wconf 88' lang='lat' dir='ltr'><strong>eur</strong></span> <span class='ocrx_word' id='word_1_116' title='bbox 507 2177 559 2213; x_wconf 87' lang='lat' dir='ltr'><strong>uon</strong></span> <span class='ocrx_word' id='word_1_117' title='bbox 571 2163 723 2212; x_wconf 77' lang='lat' dir='ltr'><strong>redieruut?</strong></span> <span class='ocrx_word' id='word_1_118' title='bbox 745 2176 793 2213; x_wconf 86' lang='lat' dir='ltr'><strong>cnr</strong></span> <span class='ocrx_word' id='word_1_119' title='bbox 804 2163 902 2225; x_wconf 80' lang='lat' dir='ltr'><strong>posteri</strong></span> <span class='ocrx_word' id='word_1_120' title='bbox 913 2163 996 2212; x_wconf 78' lang='lat' dir='ltr'><strong>editoe</strong></span> <span class='ocrx_word' id='word_1_121' title='bbox 1007 2162 1222 2225; x_wconf 79' lang='lat' dir='ltr'><strong>expectantem?</strong></span> <span class='ocrx_word' id='word_1_122' title='bbox 1246 2160 1312 2209; x_wconf 83' lang='lat' dir='ltr'><strong>tinec</strong></span> <span class='ocrx_word' id='word_1_123' title='bbox 1323 2158 1434 2209; x_wconf 80' lang='lat' dir='ltr'><strong>difficul-</strong></span> 
     </span>
     <span class='ocr_line' id='line_1_19' title="bbox 329 2224 1434 2291; baseline -0.005 -12"><span class='ocrx_word' id='word_1_124' title='bbox 329 2236 372 2279; x_wconf 86' lang='lat' dir='ltr'><strong>tss</strong></span> <span class='ocrx_word' id='word_1_125' title='bbox 383 2229 558 2278; x_wconf 74' lang='lat' dir='ltr'><strong>Bormanon</strong></span> <span class='ocrx_word' id='word_1_126' title='bbox 568 2228 640 2291; x_wconf 73' lang='lat' dir='ltr'><strong>cogit</strong></span> <span class='ocrx_word' id='word_1_127' title='bbox 650 2228 756 2289; x_wconf 75' lang='lat' dir='ltr'><strong>tegere:</strong></span> <span class='ocrx_word' id='word_1_128' title='bbox 778 2226 826 2277; x_wconf 82' lang='lat' dir='ltr'><strong>Vos</strong></span> <span class='ocrx_word' id='word_1_129' title='bbox 835 2232 887 2277; x_wconf 83' lang='lat' dir='ltr'><strong>esto</strong></span> <span class='ocrx_word' id='word_1_130' title='bbox 897 2227 988 2277; x_wconf 79' lang='lat' dir='ltr'><strong>dimitti</strong></span> <span class='ocrx_word' id='word_1_131' title='bbox 994 2243 1004 2285; x_wconf 77' lang='lat'><strong>,-</strong></span> <span class='ocrx_word' id='word_1_132' title='bbox 1020 2227 1063 2275; x_wconf 81' lang='lat' dir='ltr'><strong>boc</strong></span> <span class='ocrx_word' id='word_1_133' title='bbox 1071 2240 1152 2277; x_wconf 77' lang='lat' dir='ltr'><strong>omn</strong></span> <span class='ocrx_word' id='word_1_134' title='bbox 1162 2225 1266 2275; x_wconf 67' lang='lat' dir='ltr'><strong>undosi</strong></span> <span class='ocrx_word' id='word_1_135' title='bbox 1271 2224 1348 2285; x_wconf 78' lang='lat' dir='ltr'><strong>sene.</strong></span> <span class='ocrx_word' id='word_1_136' title='bbox 1379 2224 1434 2273; x_wconf 85' lang='lat' dir='ltr'><strong>Per</strong></span> 
     </span>
     <span class='ocr_line' id='line_1_20' title="bbox 328 2289 1435 2356; baseline -0.006 -14"><span class='ocrx_word' id='word_1_137' title='bbox 328 2306 371 2342; x_wconf 87' lang='lat' dir='ltr'><strong>oss</strong></span> <span class='ocrx_word' id='word_1_138' title='bbox 381 2293 548 2356; x_wconf 74' lang='lat' dir='ltr'><strong>posteriores,</strong></span> <span class='ocrx_word' id='word_1_139' title='bbox 559 2292 658 2355; x_wconf 83' lang='lat' dir='ltr'><strong>portes</strong></span> <span class='ocrx_word' id='word_1_140' title='bbox 668 2292 768 2355; x_wconf 81' lang='lat' dir='ltr'><strong>priores</strong></span> <span class='ocrx_word' id='word_1_141' title='bbox 783 2290 886 2355; x_wconf 79' lang='lat' dir='ltr'><strong>iegetos</strong></span> <span class='ocrx_word' id='word_1_142' title='bbox 895 2290 1034 2354; x_wconf 69' lang='lat' dir='ltr'><strong>significari</strong></span> <span class='ocrx_word' id='word_1_143' title='bbox 1043 2296 1128 2354; x_wconf 83' lang='lat' dir='ltr'><strong>potet.</strong></span> <span class='ocrx_word' id='word_1_144' title='bbox 1161 2290 1200 2340; x_wconf 85' lang='lat' dir='ltr'><strong>iit</strong></span> <span class='ocrx_word' id='word_1_145' title='bbox 1210 2290 1345 2354; x_wconf 82' lang='lat' dir='ltr'><strong>sequentis</strong></span> <span class='ocrx_word' id='word_1_146' title='bbox 1355 2289 1435 2337; x_wconf 85' lang='lat' dir='ltr'><strong>etism</strong></span> 
     </span>
     <span class='ocr_line' id='line_1_21' title="bbox 328 2352 1435 2421; baseline -0.007 -13"><span class='ocrx_word' id='word_1_147' title='bbox 328 2356 445 2421; x_wconf 89' lang='lat' dir='ltr'><strong>opinioni</strong></span> <span class='ocrx_word' id='word_1_148' title='bbox 455 2370 508 2407; x_wconf 73' lang='lat' dir='ltr'><strong>sue</strong></span> <span class='ocrx_word' id='word_1_149' title='bbox 520 2356 653 2419; x_wconf 88' lang='lat' dir='ltr'><strong>conciiiet,</strong></span> <span class='ocrx_word' id='word_1_150' title='bbox 663 2354 800 2407; x_wconf 77' lang='lat' dir='ltr'><strong>rescribit:</strong></span> <span class='ocrx_word' id='word_1_151' title='bbox 821 2356 863 2405; x_wconf 81' lang='lat' dir='ltr'><strong>ito</strong></span> <span class='ocrx_word' id='word_1_152' title='bbox 873 2370 935 2405; x_wconf 76' lang='lat' dir='ltr'><strong>essse</strong></span> <span class='ocrx_word' id='word_1_153' title='bbox 945 2358 1036 2417; x_wconf 72' lang='lat' dir='ltr'><strong>legatos</strong></span> <span class='ocrx_word' id='word_1_154' title='bbox 1045 2360 1153 2419; x_wconf 77' lang='lat' dir='ltr'><strong>espectet</strong></span> <span class='ocrx_word' id='word_1_155' title='bbox 1165 2354 1206 2418; x_wconf 79' lang='lat' dir='ltr'><strong>psi</strong></span> <span class='ocrx_word' id='word_1_156' title='bbox 1214 2356 1328 2419; x_wconf 61' lang='lat' dir='ltr'><strong>penes,</strong></span> <span class='ocrx_word' id='word_1_157' title='bbox 1340 2352 1435 2401; x_wconf 73' lang='lat' dir='ltr'><strong>Nouum</strong></span> 
     </span>
     <span class='ocr_line' id='line_1_22' title="bbox 329 2418 1435 2487; baseline -0.005 -16"><span class='ocrx_word' id='word_1_158' title='bbox 329 2422 410 2471; x_wconf 80' lang='lat' dir='ltr'><strong>cestre</strong></span> <span class='ocrx_word' id='word_1_159' title='bbox 419 2420 554 2479; x_wconf 66' lang='lat' dir='ltr'><strong>medes,</strong></span> <span class='ocrx_word' id='word_1_160' title='bbox 565 2421 642 2469; x_wconf 76' lang='lat' dir='ltr'><strong>eston</strong></span> <span class='ocrx_word' id='word_1_161' title='bbox 656 2419 748 2480; x_wconf 73' lang='lat' dir='ltr'><strong>etfacit.</strong></span> <span class='ocrx_word' id='word_1_162' title='bbox 782 2419 896 2469; x_wconf 81' lang='lat' dir='ltr'><strong>Partem</strong></span> <span class='ocrx_word' id='word_1_163' title='bbox 905 2420 956 2487; x_wconf 83' lang='lat' dir='ltr'><strong>(tta</strong></span> <span class='ocrx_word' id='word_1_164' title='bbox 974 2418 1052 2481; x_wconf 86' lang='lat' dir='ltr'><strong>Mss.)</strong></span> <span class='ocrx_word' id='word_1_165' title='bbox 1062 2420 1163 2483; x_wconf 73' lang='lat' dir='ltr'><strong>legatos</strong></span> <span class='ocrx_word' id='word_1_166' title='bbox 1182 2418 1381 2481; x_wconf 75' lang='lat' dir='ltr'><strong>interpretetur,</strong></span> <span class='ocrx_word' id='word_1_167' title='bbox 1391 2418 1435 2481; x_wconf 89' lang='lat' dir='ltr'><strong>qui</strong></span> 
     </span>
     <span class='ocr_line' id='line_1_23' title="bbox 329 2481 1434 2548; baseline -0.005 -14"><span class='ocrx_word' id='word_1_168' title='bbox 329 2486 487 2548; x_wconf 81' lang='lat' dir='ltr'><strong>posteriores</strong></span> <span class='ocrx_word' id='word_1_169' title='bbox 497 2483 567 2532; x_wconf 88' lang='lat' dir='ltr'><strong>sntssi</strong></span> <span class='ocrx_word' id='word_1_170' title='bbox 578 2482 692 2532; x_wconf 82' lang='lat' dir='ltr'><strong>tuerent.</strong></span> <span class='ocrx_word' id='word_1_171' title='bbox 724 2482 777 2533; x_wconf 81' lang='lat' dir='ltr'><strong>Sed</strong></span> <span class='ocrx_word' id='word_1_172' title='bbox 786 2496 836 2532; x_wconf 87' lang='lat' dir='ltr'><strong>uec</strong></span> <span class='ocrx_word' id='word_1_173' title='bbox 845 2485 883 2534; x_wconf 87' lang='lat' dir='ltr'><strong>its</strong></span> <span class='ocrx_word' id='word_1_174' title='bbox 894 2484 997 2534; x_wconf 84' lang='lat' dir='ltr'><strong>sublato</strong></span> <span class='ocrx_word' id='word_1_175' title='bbox 1007 2490 1049 2533; x_wconf 88' lang='lat' dir='ltr'><strong>est</strong></span> <span class='ocrx_word' id='word_1_176' title='bbox 1058 2482 1141 2533; x_wconf 88' lang='lat' dir='ltr'><strong>omnis</strong></span> <span class='ocrx_word' id='word_1_177' title='bbox 1150 2482 1298 2533; x_wconf 78' lang='lat' dir='ltr'><strong>difficulter.</strong></span> <span class='ocrx_word' id='word_1_178' title='bbox 1323 2483 1390 2531; x_wconf 84' lang='lat' dir='ltr'><strong>Nem</strong></span> <span class='ocrx_word' id='word_1_179' title='bbox 1402 2481 1434 2530; x_wconf 88' lang='lat' dir='ltr'><strong>ds</strong></span> 
     </span>
     <span class='ocr_line' id='line_1_24' title="bbox 329 2545 1435 2611; baseline -0.001 -15"><span class='ocrx_word' id='word_1_180' title='bbox 329 2546 519 2611; x_wconf 80' lang='lat' dir='ltr'><strong>posterioribus</strong></span> <span class='ocrx_word' id='word_1_181' title='bbox 535 2546 627 2609; x_wconf 76' lang='lat' dir='ltr'><strong>tegetis</strong></span> <span class='ocrx_word' id='word_1_182' title='bbox 645 2547 757 2609; x_wconf 63' lang='lat' dir='ltr'><strong>quatio</strong></span> <span class='ocrx_word' id='word_1_183' title='bbox 768 2554 827 2596; x_wconf 87' lang='lat' dir='ltr'><strong>esst</strong></span> <span class='ocrx_word' id='word_1_184' title='bbox 837 2548 863 2598; x_wconf 87' lang='lat' dir='ltr'><strong>in</strong></span> <span class='ocrx_word' id='word_1_185' title='bbox 875 2548 987 2598; x_wconf 87' lang='lat' dir='ltr'><strong>concilio</strong></span> <span class='ocrx_word' id='word_1_186' title='bbox 1005 2547 1132 2597; x_wconf 85' lang='lat' dir='ltr'><strong>Deorum:</strong></span> <span class='ocrx_word' id='word_1_187' title='bbox 1157 2562 1202 2597; x_wconf 87' lang='lat' dir='ltr'><strong>eos</strong></span> <span class='ocrx_word' id='word_1_188' title='bbox 1213 2560 1276 2596; x_wconf 87' lang='lat' dir='ltr'><strong>sero</strong></span> <span class='ocrx_word' id='word_1_189' title='bbox 1287 2560 1339 2595; x_wconf 90' lang='lat' dir='ltr'><strong>nou</strong></span> <span class='ocrx_word' id='word_1_190' title='bbox 1350 2545 1435 2595; x_wconf 86' lang='lat' dir='ltr'><strong>dimit·</strong></span> 
     </span>
     <span class='ocr_line' id='line_1_25' title="bbox 329 2609 1436 2675; baseline -0.001 -14"><span class='ocrx_word' id='word_1_191' title='bbox 329 2617 397 2673; x_wconf 81' lang='lat' dir='ltr'><strong>tere,</strong></span> <span class='ocrx_word' id='word_1_192' title='bbox 410 2611 480 2674; x_wconf 74' lang='lat' dir='ltr'><strong>regis</strong></span> <span class='ocrx_word' id='word_1_193' title='bbox 494 2623 546 2659; x_wconf 89' lang='lat' dir='ltr'><strong>uon</strong></span> <span class='ocrx_word' id='word_1_194' title='bbox 558 2624 615 2659; x_wconf 83' lang='lat' dir='ltr'><strong>esse</strong></span> <span class='ocrx_word' id='word_1_195' title='bbox 631 2609 736 2659; x_wconf 79' lang='lat' dir='ltr'><strong>dixerat</strong></span> <span class='ocrx_word' id='word_1_196' title='bbox 746 2610 860 2673; x_wconf 82' lang='lat' dir='ltr'><strong>Jupiter.</strong></span> <span class='ocrx_word' id='word_1_197' title='bbox 892 2612 952 2662; x_wconf 90' lang='lat' dir='ltr'><strong>Non</strong></span> <span class='ocrx_word' id='word_1_198' title='bbox 970 2616 1059 2675; x_wconf 88' lang='lat' dir='ltr'><strong>potest</strong></span> <span class='ocrx_word' id='word_1_199' title='bbox 1070 2612 1152 2674; x_wconf 74' lang='lat' dir='ltr'><strong>igitur</strong></span> <span class='ocrx_word' id='word_1_200' title='bbox 1162 2609 1225 2675; x_wconf 79' lang='lat' dir='ltr'><strong>fingi</strong></span> <span class='ocrx_word' id='word_1_201' title='bbox 1236 2624 1280 2660; x_wconf 90' lang='lat' dir='ltr'><strong>eos</strong></span> <span class='ocrx_word' id='word_1_202' title='bbox 1289 2610 1436 2660; x_wconf 81' lang='lat' dir='ltr'><strong>retinuisse.</strong></span> 
     </span>
     <span class='ocr_line' id='line_1_26' title="bbox 330 2673 1436 2741; baseline -0.003 -16"><span class='ocrx_word' id='word_1_203' title='bbox 330 2676 419 2726; x_wconf 77' lang='lat' dir='ltr'><strong>Quare</strong></span> <span class='ocrx_word' id='word_1_204' title='bbox 430 2674 510 2725; x_wconf 82' lang='lat' dir='ltr'><strong>setius</strong></span> <span class='ocrx_word' id='word_1_205' title='bbox 521 2682 573 2737; x_wconf 84' lang='lat' dir='ltr'><strong>est,</strong></span> <span class='ocrx_word' id='word_1_206' title='bbox 584 2673 701 2723; x_wconf 87' lang='lat' dir='ltr'><strong>dimissos</strong></span> <span class='ocrx_word' id='word_1_207' title='bbox 709 2674 815 2737; x_wconf 84' lang='lat' dir='ltr'><strong>quidem</strong></span> <span class='ocrx_word' id='word_1_208' title='bbox 832 2676 921 2726; x_wconf 85' lang='lat' dir='ltr'><strong>dicere</strong></span> <span class='ocrx_word' id='word_1_209' title='bbox 931 2677 1039 2741; x_wconf 70' lang='lat' dir='ltr'><strong>legatos,</strong></span> <span class='ocrx_word' id='word_1_210' title='bbox 1050 2690 1101 2725; x_wconf 92' lang='lat' dir='ltr'><strong>non</strong></span> <span class='ocrx_word' id='word_1_211' title='bbox 1112 2676 1212 2741; x_wconf 88' lang='lat' dir='ltr'><strong>priores</strong></span> <span class='ocrx_word' id='word_1_212' title='bbox 1223 2680 1334 2735; x_wconf 83' lang='lat' dir='ltr'><strong>tentum,</strong></span> <span class='ocrx_word' id='word_1_213' title='bbox 1349 2674 1395 2723; x_wconf 87' lang='lat' dir='ltr'><strong>sed</strong></span> <span class='ocrx_word' id='word_1_214' title='bbox 1407 2679 1436 2723; x_wconf 83' lang='lat' dir='ltr'><strong>et</strong></span> 
     </span>
     <span class='ocr_line' id='line_1_27' title="bbox 329 2736 1436 2805; baseline 0 -18"><span class='ocrx_word' id='word_1_215' title='bbox 329 2739 506 2802; x_wconf 55' lang='lat' dir='ltr'><strong>posteriorem</strong></span> <span class='ocrx_word' id='word_1_216' title='bbox 521 2736 626 2787; x_wconf 83' lang='lat' dir='ltr'><strong>eosdem</strong></span> <span class='ocrx_word' id='word_1_217' title='bbox 636 2751 724 2787; x_wconf 84' lang='lat' dir='ltr'><strong>veros</strong></span> <span class='ocrx_word' id='word_1_218' title='bbox 740 2738 849 2789; x_wconf 82' lang='lat' dir='ltr'><strong>canibus</strong></span> <span class='ocrx_word' id='word_1_219' title='bbox 862 2740 945 2791; x_wconf 85' lang='lat' dir='ltr'><strong>edhuc</strong></span> <span class='ocrx_word' id='word_1_220' title='bbox 957 2740 1101 2804; x_wconf 84' lang='lat' dir='ltr'><strong>expectsri,</strong></span> <span class='ocrx_word' id='word_1_221' title='bbox 1113 2740 1181 2805; x_wconf 91' lang='lat' dir='ltr'><strong>quud</strong></span> <span class='ocrx_word' id='word_1_222' title='bbox 1194 2739 1350 2805; x_wconf 75' lang='lat' dir='ltr'><strong>aliquamdiu</strong></span> <span class='ocrx_word' id='word_1_223' title='bbox 1361 2748 1436 2788; x_wconf 85' lang='lat' dir='ltr'><strong>certe</strong></span> 
     </span>
     <span class='ocr_line' id='line_1_28' title="bbox 329 2801 1437 2869; baseline -0.002 -16"><span class='ocrx_word' id='word_1_224' title='bbox 329 2802 428 2855; x_wconf 86' lang='lat' dir='ltr'><strong>retenti</strong></span> <span class='ocrx_word' id='word_1_225' title='bbox 436 2801 550 2865; x_wconf 80' lang='lat' dir='ltr'><strong>tuerent,</strong></span> <span class='ocrx_word' id='word_1_226' title='bbox 559 2808 588 2850; x_wconf 89' lang='lat' dir='ltr'><strong>et</strong></span> <span class='ocrx_word' id='word_1_227' title='bbox 597 2801 695 2851; x_wconf 91' lang='lat' dir='ltr'><strong>dimissi</strong></span> <span class='ocrx_word' id='word_1_228' title='bbox 700 2802 816 2867; x_wconf 77' lang='lat' dir='ltr'><strong>quidem,</strong></span> <span class='ocrx_word' id='word_1_229' title='bbox 824 2802 881 2865; x_wconf 87' lang='lat' dir='ltr'><strong>sed,</strong></span> <span class='ocrx_word' id='word_1_230' title='bbox 888 2805 963 2855; x_wconf 87' lang='lat' dir='ltr'><strong>simul</strong></span> <span class='ocrx_word' id='word_1_231' title='bbox 974 2804 1053 2854; x_wconf 85' lang='lat' dir='ltr'><strong>etism</strong></span> <span class='ocrx_word' id='word_1_232' title='bbox 1061 2804 1144 2855; x_wconf 84' lang='lat' dir='ltr'><strong>notati</strong></span> <span class='ocrx_word' id='word_1_233' title='bbox 1157 2805 1316 2869; x_wconf 75' lang='lat' dir='ltr'><strong>gravissime,</strong></span> <span class='ocrx_word' id='word_1_234' title='bbox 1324 2802 1437 2852; x_wconf 87' lang='lat' dir='ltr'><strong>reditum</strong></span> 
     </span>
     <span class='ocr_line' id='line_1_29' title="bbox 329 2867 1437 2933; baseline -0.004 -15"><span class='ocrx_word' id='word_1_235' title='bbox 329 2882 383 2918; x_wconf 87' lang='lat' dir='ltr'><strong>non</strong></span> <span class='ocrx_word' id='word_1_236' title='bbox 393 2871 599 2928; x_wconf 78' lang='lat' dir='ltr'><strong>maturaverant,</strong></span> <span class='ocrx_word' id='word_1_237' title='bbox 609 2880 668 2917; x_wconf 85' lang='lat' dir='ltr'><strong>enm</strong></span> <span class='ocrx_word' id='word_1_238' title='bbox 678 2878 764 2915; x_wconf 79' lang='lat' dir='ltr'><strong>escam</strong></span> <span class='ocrx_word' id='word_1_239' title='bbox 775 2867 802 2916; x_wconf 88' lang='lat' dir='ltr'><strong>in</strong></span> <span class='ocrx_word' id='word_1_240' title='bbox 812 2874 928 2917; x_wconf 85' lang='lat' dir='ltr'><strong>stercore</strong></span> <span class='ocrx_word' id='word_1_241' title='bbox 937 2874 1125 2929; x_wconf 75' lang='lat' dir='ltr'><strong>scrutarentur,</strong></span> <span class='ocrx_word' id='word_1_242' title='bbox 1134 2876 1163 2918; x_wconf 86' lang='lat' dir='ltr'><strong>et</strong></span> <span class='ocrx_word' id='word_1_243' title='bbox 1173 2869 1307 2933; x_wconf 76' lang='lat' dir='ltr'><strong>legationis</strong></span> <span class='ocrx_word' id='word_1_244' title='bbox 1319 2882 1372 2917; x_wconf 74' lang='lat' dir='ltr'><strong>sna</strong></span> <span class='ocrx_word' id='word_1_245' title='bbox 1384 2876 1437 2915; x_wconf 84' lang='lat' dir='ltr'><strong>sent</strong></span> 
     </span>
     <span class='ocr_line' id='line_1_30' title="bbox 330 2929 1437 2997; baseline -0.003 -15"><span class='ocrx_word' id='word_1_246' title='bbox 330 2937 436 2997; x_wconf 87' lang='lat' dir='ltr'><strong>turpem</strong></span> <span class='ocrx_word' id='word_1_247' title='bbox 448 2933 601 2995; x_wconf 80' lang='lat' dir='ltr'><strong>tristemque</strong></span> <span class='ocrx_word' id='word_1_248' title='bbox 612 2930 712 2980; x_wconf 81' lang='lat' dir='ltr'><strong>exitum</strong></span> <span class='ocrx_word' id='word_1_249' title='bbox 729 2929 763 2979; x_wconf 85' lang='lat' dir='ltr'><strong>sd</strong></span> <span class='ocrx_word' id='word_1_250' title='bbox 778 2945 838 2981; x_wconf 90' lang='lat' dir='ltr'><strong>suos</strong></span> <span class='ocrx_word' id='word_1_251' title='bbox 855 2930 955 2982; x_wconf 84' lang='lat' dir='ltr'><strong>referre</strong></span> <span class='ocrx_word' id='word_1_252' title='bbox 972 2947 1024 2983; x_wconf 88' lang='lat' dir='ltr'><strong>non</strong></span> <span class='ocrx_word' id='word_1_253' title='bbox 1041 2933 1174 2983; x_wconf 79' lang='lat' dir='ltr'><strong>roderent.</strong></span> <span class='ocrx_word' id='word_1_254' title='bbox 1193 2933 1334 2993; x_wconf 69' lang='lat' dir='ltr'><strong>Hesdsgcr.</strong></span> <span class='ocrx_word' id='word_1_255' title='bbox 1368 2930 1437 2979; x_wconf 86' lang='lat' dir='ltr'><strong>Vide</strong></span> 
     </span>
     <span class='ocr_line' id='line_1_31' title="bbox 330 2994 1438 3059; baseline -0.003 -13"><span class='ocrx_word' id='word_1_256' title='bbox 330 3001 467 3047; x_wconf 71' lang='lat' dir='ltr'><strong>mon-tt</strong></span> <span class='ocrx_word' id='word_1_257' title='bbox 483 2996 537 3045; x_wconf 83' lang='lat' dir='ltr'><strong>Pro</strong></span> <span class='ocrx_word' id='word_1_258' title='bbox 548 2995 654 3057; x_wconf 73' lang='lat' dir='ltr'><strong>ruipeto</strong></span> <span class='ocrx_word' id='word_1_259' title='bbox 665 2995 715 3044; x_wconf 75' lang='lat' dir='ltr'><strong>Sed</strong></span> <span class='ocrx_word' id='word_1_260' title='bbox 725 2995 830 3059; x_wconf 90' lang='lat' dir='ltr'><strong>reposui</strong></span> <span class='ocrx_word' id='word_1_261' title='bbox 848 2996 892 3046; x_wconf 81' lang='lat' dir='ltr'><strong>Et.</strong></span> <span class='ocrx_word' id='word_1_262' title='bbox 924 2996 969 3046; x_wconf 84' lang='lat' dir='ltr'><strong>ita</strong></span> <span class='ocrx_word' id='word_1_263' title='bbox 979 2996 1081 3047; x_wconf 87' lang='lat' dir='ltr'><strong>Desbit.</strong></span> <span class='ocrx_word' id='word_1_264' title='bbox 1094 2996 1184 3059; x_wconf 81' lang='lat' dir='ltr'><strong>edidit,</strong></span> <span class='ocrx_word' id='word_1_265' title='bbox 1194 2996 1283 3059; x_wconf 84' lang='lat' dir='ltr'><strong>sicque</strong></span> <span class='ocrx_word' id='word_1_266' title='bbox 1292 2994 1438 3043; x_wconf 75' lang='lat' dir='ltr'><strong>Tsscbnek.</strong></span> 
     </span>
     <span class='ocr_line' id='line_1_32' title="bbox 329 3058 1438 3126; baseline -0.002 -16"><span class='ocrx_word' id='word_1_267' title='bbox 329 3061 384 3124; x_wconf 77' lang='lat' dir='ltr'><strong>legi</strong></span> <span class='ocrx_word' id='word_1_268' title='bbox 396 3074 469 3122; x_wconf 86' lang='lat' dir='ltr'><strong>posse</strong></span> <span class='ocrx_word' id='word_1_269' title='bbox 480 3065 579 3109; x_wconf 85' lang='lat' dir='ltr'><strong>censet.</strong></span> <span class='ocrx_word' id='word_1_270' title='bbox 594 3058 802 3109; x_wconf 70' lang='lat' dir='ltr'><strong>necessitates.</strong></span> <span class='ocrx_word' id='word_1_271' title='bbox 812 3060 900 3126; x_wconf 68' lang='lat' dir='ltr'><strong>Benti.</strong></span> <span class='ocrx_word' id='word_1_272' title='bbox 912 3062 957 3125; x_wconf 85' lang='lat' dir='ltr'><strong>qui</strong></span> <span class='ocrx_word' id='word_1_273' title='bbox 967 3060 986 3113; x_wconf 83' lang='lat' dir='ltr'>J</span> <span class='ocrx_word' id='word_1_274' title='bbox 988 3074 1063 3111; x_wconf 81' lang='lat' dir='ltr'><strong>ovem</strong></span> <span class='ocrx_word' id='word_1_275' title='bbox 1072 3061 1114 3111; x_wconf 88' lang='lat' dir='ltr'><strong>bic</strong></span> <span class='ocrx_word' id='word_1_276' title='bbox 1126 3074 1176 3111; x_wconf 89' lang='lat' dir='ltr'><strong>nou</strong></span> <span class='ocrx_word' id='word_1_277' title='bbox 1187 3062 1296 3123; x_wconf 77' lang='lat' dir='ltr'><strong>legatos,</strong></span> <span class='ocrx_word' id='word_1_278' title='bbox 1304 3060 1350 3107; x_wconf 91' lang='lat' dir='ltr'><strong>sed</strong></span> <span class='ocrx_word' id='word_1_279' title='bbox 1358 3058 1438 3108; x_wconf 86' lang='lat' dir='ltr'><strong>colle·</strong></span> 
     </span>
     <span class='ocr_line' id='line_1_33' title="bbox 330 3122 1438 3189; baseline 0 -16"><span class='ocrx_word' id='word_1_280' title='bbox 330 3126 402 3184; x_wconf 76' lang='lat' dir='ltr'><strong>pium</strong></span> <span class='ocrx_word' id='word_1_281' title='bbox 413 3124 531 3171; x_wconf 85' lang='lat' dir='ltr'><strong>Deorum</strong></span> <span class='ocrx_word' id='word_1_282' title='bbox 539 3123 590 3171; x_wconf 84' lang='lat' dir='ltr'><strong>situ</strong></span> <span class='ocrx_word' id='word_1_283' title='bbox 608 3123 633 3170; x_wconf 92' lang='lat' dir='ltr'><strong>ui</strong></span> <span class='ocrx_word' id='word_1_284' title='bbox 645 3129 748 3184; x_wconf 88' lang='lat' dir='ltr'><strong>putent,</strong></span> <span class='ocrx_word' id='word_1_285' title='bbox 755 3124 806 3187; x_wconf 80' lang='lat' dir='ltr'><strong>legi</strong></span> <span class='ocrx_word' id='word_1_286' title='bbox 812 3124 916 3189; x_wconf 86' lang='lat' dir='ltr'><strong>jubent,</strong></span> <span class='ocrx_word' id='word_1_287' title='bbox 926 3124 1024 3175; x_wconf 80' lang='lat' dir='ltr'><strong>Ssdboc</strong></span> <span class='ocrx_word' id='word_1_288' title='bbox 1029 3124 1113 3185; x_wconf 70' lang='lat' dir='ltr'><strong>secut</strong></span> <span class='ocrx_word' id='word_1_289' title='bbox 1122 3125 1148 3174; x_wconf 78' lang='lat' dir='ltr'><strong>tt</strong></span> <span class='ocrx_word' id='word_1_290' title='bbox 1155 3124 1294 3189; x_wconf 75' lang='lat' dir='ltr'><strong>prejudicio</strong></span> <span class='ocrx_word' id='word_1_291' title='bbox 1302 3122 1438 3187; x_wconf 71' lang='lat' dir='ltr'><strong>premium.</strong></span> 
     </span>
     <span class='ocr_line' id='line_1_34' title="bbox 332 3185 1436 3253; baseline 0.001 -17"><span class='ocrx_word' id='word_1_292' title='bbox 332 3188 386 3237; x_wconf 83' lang='lat' dir='ltr'><strong>Pro</strong></span> <span class='ocrx_word' id='word_1_293' title='bbox 398 3185 488 3247; x_wconf 77' lang='lat' dir='ltr'><strong>seretis</strong></span> <span class='ocrx_word' id='word_1_294' title='bbox 497 3185 586 3235; x_wconf 85' lang='lat' dir='ltr'><strong>Ursiu.</strong></span> <span class='ocrx_word' id='word_1_295' title='bbox 617 3185 796 3245; x_wconf 67' lang='lat' dir='ltr'><strong>obetferetrrrf</strong></span> <span class='ocrx_word' id='word_1_296' title='bbox 822 3188 928 3240; x_wconf 68' lang='lat' dir='ltr'><strong>[retient.</strong></span> <span class='ocrx_word' id='word_1_297' title='bbox 949 3189 1125 3251; x_wconf 83' lang='lat' dir='ltr'><strong>Idoosferetis</strong></span> <span class='ocrx_word' id='word_1_298' title='bbox 1141 3188 1287 3253; x_wconf 70' lang='lat' dir='ltr'><strong>potenteis</strong></span> <span class='ocrx_word' id='word_1_299' title='bbox 1303 3187 1436 3251; x_wconf 74' lang='lat' dir='ltr'><strong>promisse.</strong></span> 
     </span>
     <span class='ocr_line' id='line_1_35' title="bbox 331 3249 1436 3318; baseline 0 -19"><span class='ocrx_word' id='word_1_300' title='bbox 331 3250 377 3299; x_wconf 86' lang='lat' dir='ltr'><strong>ita</strong></span> <span class='ocrx_word' id='word_1_301' title='bbox 388 3251 448 3299; x_wconf 92' lang='lat' dir='ltr'><strong>otim</strong></span> <span class='ocrx_word' id='word_1_302' title='bbox 458 3249 608 3313; x_wconf 73' lang='lat' dir='ltr'><strong>conjecerat</strong></span> <span class='ocrx_word' id='word_1_303' title='bbox 620 3249 763 3313; x_wconf 66' lang='lat' dir='ltr'><strong>Ousering.</strong></span> <span class='ocrx_word' id='word_1_304' title='bbox 774 3265 799 3301; x_wconf 86' lang='lat' dir='ltr'><strong>r.</strong></span> <span class='ocrx_word' id='word_1_305' title='bbox 810 3250 843 3304; x_wconf 89' lang='lat' dir='ltr'><strong>P.</strong></span> <span class='ocrx_word' id='word_1_306' title='bbox 854 3266 898 3301; x_wconf 85' lang='grc' dir='ltr'><strong>ιιι.</strong></span> <span class='ocrx_word' id='word_1_307' title='bbox 915 3252 1020 3303; x_wconf 71' lang='lat' dir='ltr'><strong>Phaedri</strong></span> <span class='ocrx_word' id='word_1_308' title='bbox 1032 3269 1059 3318; x_wconf 91' lang='lat' dir='ltr'><strong>p.</strong></span> <span class='ocrx_word' id='word_1_309' title='bbox 1070 3258 1127 3304; x_wconf 79' lang='lat' dir='ltr'><strong>itt.</strong></span> <span class='ocrx_word' id='word_1_310' title='bbox 1145 3253 1265 3316; x_wconf 83' lang='lat' dir='ltr'><strong>Guyetus</strong></span> <span class='ocrx_word' id='word_1_311' title='bbox 1274 3252 1352 3301; x_wconf 85' lang='lat' dir='ltr'><strong>scribi</strong></span> <span class='ocrx_word' id='word_1_312' title='bbox 1365 3252 1436 3300; x_wconf 76' lang='lat' dir='ltr'><strong>suits</strong></span> 
     </span>
     <span class='ocr_line' id='line_1_36' title="bbox 331 3311 1437 3431; baseline -0.012 -57"><span class='ocrx_word' id='word_1_313' title='bbox 331 3313 375 3363; x_wconf 59' lang='lat'><strong>¹950</strong></span> <span class='ocrx_word' id='word_1_314' title='bbox 385 3311 694 3427; x_wconf 54' lang='lat' dir='ltr'><strong>histtditsstritdieitm</strong></span> <span class='ocrx_word' id='word_1_315' title='bbox 702 3314 836 3376; x_wconf 69' lang='lat' dir='ltr'><strong>premium.</strong></span> <span class='ocrx_word' id='word_1_316' title='bbox 859 3317 1023 3381; x_wconf 72' lang='lat' dir='ltr'><strong>conjiciebat</strong></span> <span class='ocrx_word' id='word_1_317' title='bbox 1033 3331 1135 3384; x_wconf 87' lang='lat' dir='ltr'><strong>qnoque</strong></span> <span class='ocrx_word' id='word_1_318' title='bbox 1141 3316 1364 3431; x_wconf 68' lang='lat' dir='ltr'><strong>prejudicio—8³</strong></span> <span class='ocrx_word' id='word_1_319' title='bbox 1373 3316 1375 3319; x_wconf 82' lang='grc'><strong>’</strong></span> <span class='ocrx_word' id='word_1_320' title='bbox 1384 3316 1437 3365; x_wconf 75' lang='lat' dir='ltr'><strong>Vos.</strong></span> 
     </span>
     <span class='ocr_line' id='line_1_37' title="bbox 332 3376 1462 3443; baseline 0.004 -16"><span class='ocrx_word' id='word_1_321' title='bbox 332 3378 402 3427; x_wconf 78' lang='lat' dir='ltr'><strong>eud.</strong></span> <span class='ocrx_word' id='word_1_322' title='bbox 415 3378 508 3428; x_wconf 81' lang='lat' dir='ltr'><strong>Helos.</strong></span> <span class='ocrx_word' id='word_1_323' title='bbox 551 3378 614 3427; x_wconf 87' lang='lat' dir='ltr'><strong>enti.</strong></span> <span class='ocrx_word' id='word_1_324' title='bbox 625 3377 715 3429; x_wconf 75' lang='lat' dir='ltr'><strong>brdut.</strong></span> <span class='ocrx_word' id='word_1_325' title='bbox 733 3376 855 3443; x_wconf 76' lang='lat' dir='ltr'><strong>[Antan]</strong></span> <span class='ocrx_word' id='word_1_326' title='bbox 872 3381 989 3432; x_wconf 71' lang='lat' dir='ltr'><strong>boa—bt</strong></span> <span class='ocrx_word' id='word_1_327' title='bbox 1004 3384 1124 3432; x_wconf 82' lang='lat' dir='ltr'><strong>Hominis.</strong></span> <span class='ocrx_word' id='word_1_328' title='bbox 1156 3388 1184 3432; x_wconf 85' lang='lat' dir='ltr'><strong>te</strong></span> <span class='ocrx_word' id='word_1_329' title='bbox 1203 3382 1263 3431; x_wconf 87' lang='lat' dir='ltr'><strong>iibri</strong></span> <span class='ocrx_word' id='word_1_330' title='bbox 1282 3380 1392 3443; x_wconf 79' lang='lat' dir='ltr'><strong>seripti3</strong></span> <span class='ocrx_word' id='word_1_331' title='bbox 1408 3386 1437 3428; x_wconf 86' lang='lat' dir='ltr'><strong>ut</strong></span> <span class='ocrx_word' id='word_1_332' title='bbox 1459 3425 1462 3431; x_wconf 94' lang='lat'><strong>.</strong></span> 
     </span>
     <span class='ocr_line' id='line_1_38' title="bbox 332 3440 1437 3515; baseline 0.002 -24"><span class='ocrx_word' id='word_1_333' title='bbox 332 3440 428 3493; x_wconf 77' lang='lat' dir='ltr'><strong>Sebeff.</strong></span> <span class='ocrx_word' id='word_1_334' title='bbox 446 3442 556 3515; x_wconf 77' lang='lat' dir='ltr'><strong>conjicit</strong></span> <span class='ocrx_word' id='word_1_335' title='bbox 570 3441 700 3504; x_wconf 62' lang='lat' dir='ltr'><strong>mess,</strong></span> <span class='ocrx_word' id='word_1_336' title='bbox 719 3442 809 3491; x_wconf 84' lang='lat' dir='ltr'><strong>Heius.</strong></span> <span class='ocrx_word' id='word_1_337' title='bbox 827 3445 905 3503; x_wconf 74' lang='lat' dir='ltr'><strong>moni5</strong></span> <span class='ocrx_word' id='word_1_338' title='bbox 922 3446 977 3496; x_wconf 88' lang='lat' dir='ltr'><strong>siue</strong></span> <span class='ocrx_word' id='word_1_339' title='bbox 993 3448 1152 3497; x_wconf 83' lang='lat' dir='ltr'><strong>necessitate</strong></span> <span class='ocrx_word' id='word_1_340' title='bbox 1166 3454 1285 3511; x_wconf 84' lang='lat' dir='ltr'><strong>uterque.</strong></span> <span class='ocrx_word' id='word_1_341' title='bbox 1309 3444 1437 3509; x_wconf 69' lang='lat' dir='ltr'><strong>[tomitem</strong></span> 
     </span>
     <span class='ocr_line' id='line_1_39' title="bbox 334 3506 1437 3575; baseline 0 -20"><span class='ocrx_word' id='word_1_342' title='bbox 334 3506 489 3557; x_wconf 61' lang='lat' dir='ltr'><strong>murtetis.</strong></span> <span class='ocrx_word' id='word_1_343' title='bbox 512 3506 669 3569; x_wconf 79' lang='lat' dir='ltr'><strong>notu.]-ss</strong></span> <span class='ocrx_word' id='word_1_344' title='bbox 686 3522 724 3573; x_wconf 85' lang='lat' dir='ltr'><strong>sq.</strong></span> <span class='ocrx_word' id='word_1_345' title='bbox 745 3506 817 3556; x_wconf 83' lang='lat' dir='ltr'><strong>Libri</strong></span> <span class='ocrx_word' id='word_1_346' title='bbox 836 3510 927 3575; x_wconf 86' lang='lat' dir='ltr'><strong>scripti</strong></span> <span class='ocrx_word' id='word_1_347' title='bbox 945 3518 972 3560; x_wconf 87' lang='lat' dir='ltr'><strong>et</strong></span> <span class='ocrx_word' id='word_1_348' title='bbox 989 3513 1089 3575; x_wconf 88' lang='lat' dir='ltr'><strong>priores</strong></span> <span class='ocrx_word' id='word_1_349' title='bbox 1107 3510 1253 3575; x_wconf 82' lang='lat' dir='ltr'><strong>Editiones,</strong></span> <span class='ocrx_word' id='word_1_350' title='bbox 1268 3517 1299 3559; x_wconf 88' lang='lat' dir='ltr'><strong>ut</strong></span> <span class='ocrx_word' id='word_1_351' title='bbox 1315 3509 1437 3559; x_wconf 85' lang='lat' dir='ltr'><strong>Rittersb.</strong></span> 
     </span>
     <span class='ocr_line' id='line_1_40' title="bbox 332 3569 1438 3640; baseline -0.001 -20"><span class='ocrx_word' id='word_1_352' title='bbox 332 3570 429 3620; x_wconf 80' lang='lat' dir='ltr'><strong>Nesei.</strong></span> <span class='ocrx_word' id='word_1_353' title='bbox 441 3572 476 3618; x_wconf 88' lang='lat' dir='ltr'><strong>si.</strong></span> <span class='ocrx_word' id='word_1_354' title='bbox 488 3569 601 3619; x_wconf 78' lang='lat' dir='ltr'><strong>babent:</strong></span> <span class='ocrx_word' id='word_1_355' title='bbox 627 3571 668 3620; x_wconf 84' lang='lat' dir='ltr'><strong>Its</strong></span> <span class='ocrx_word' id='word_1_356' title='bbox 678 3586 739 3620; x_wconf 78' lang='lat' dir='ltr'><strong>seer</strong></span> <span class='ocrx_word' id='word_1_357' title='bbox 754 3572 847 3634; x_wconf 79' lang='lat' dir='ltr'><strong>tegetes</strong></span> <span class='ocrx_word' id='word_1_358' title='bbox 863 3580 1024 3638; x_wconf 71' lang='lat' dir='ltr'><strong>exspectantes</strong></span> <span class='ocrx_word' id='word_1_359' title='bbox 1032 3582 1146 3640; x_wconf 78' lang='lat' dir='ltr'><strong>postem,</strong></span> <span class='ocrx_word' id='word_1_360' title='bbox 1157 3577 1252 3625; x_wconf 85' lang='lat' dir='ltr'><strong>Noesor</strong></span> <span class='ocrx_word' id='word_1_361' title='bbox 1261 3575 1344 3624; x_wconf 71' lang='lat' dir='ltr'><strong>nertin</strong></span> <span class='ocrx_word' id='word_1_362' title='bbox 1352 3586 1405 3621; x_wconf 78' lang='lat' dir='ltr'><strong>crim</strong></span> <span class='ocrx_word' id='word_1_363' title='bbox 1414 3586 1438 3620; x_wconf 88' lang='lat' dir='ltr'><strong>o.</strong></span> 
     </span>
    </p>
   </div>
   <div class='ocr_carea' id='block_1_8' title="bbox 332 3634 1535 3703">
    <p class='ocr_par' dir='ltr' id='par_1_8' title="bbox 332 3634 1535 3703">
     <span class='ocr_line' id='line_1_41' title="bbox 332 3634 1535 3703; baseline 0.003 -21"><span class='ocrx_word' id='word_1_364' title='bbox 332 3650 389 3684; x_wconf 72' lang='grc' dir='ltr'><strong>Μ.</strong></span> <span class='ocrx_word' id='word_1_365' title='bbox 423 3634 475 3683; x_wconf 84' lang='lat' dir='ltr'><strong>Sed</strong></span> <span class='ocrx_word' id='word_1_366' title='bbox 487 3635 586 3684; x_wconf 84' lang='lat' dir='ltr'><strong>Meurs.</strong></span> <span class='ocrx_word' id='word_1_367' title='bbox 597 3640 627 3684; x_wconf 88' lang='lat' dir='ltr'><strong>et</strong></span> <span class='ocrx_word' id='word_1_368' title='bbox 635 3636 763 3699; x_wconf 74' lang='lat' dir='ltr'><strong>Bongsrs.</strong></span> <span class='ocrx_word' id='word_1_369' title='bbox 779 3647 964 3689; x_wconf 84' lang='lat' dir='ltr'><strong>correxerunt:</strong></span> <span class='ocrx_word' id='word_1_370' title='bbox 983 3641 1024 3689; x_wconf 86' lang='lat' dir='ltr'><strong>ltu</strong></span> <span class='ocrx_word' id='word_1_371' title='bbox 1034 3655 1096 3690; x_wconf 79' lang='lat' dir='ltr'><strong>susc</strong></span> <span class='ocrx_word' id='word_1_372' title='bbox 1115 3642 1205 3703; x_wconf 76' lang='lat' dir='ltr'><strong>tegetes</strong></span> <span class='ocrx_word' id='word_1_373' title='bbox 1216 3644 1439 3703; x_wconf 58' lang='lat' dir='ltr'><strong>menapos·</strong></span> <span class='ocrx_word' id='word_1_374' title='bbox 1533 3638 1535 3641; x_wconf 82' lang='grc'><strong>’</strong></span> 
     </span>
    </p>
   </div>
   <div class='ocr_carea' id='block_1_9' title="bbox 332 3697 1440 3900">
    <p class='ocr_par' dir='ltr' id='par_1_9' title="bbox 332 3697 1440 3900">
     <span class='ocr_line' id='line_1_42' title="bbox 332 3697 1440 3769; baseline 0 -21"><span class='ocrx_word' id='word_1_375' title='bbox 332 3699 391 3761; x_wconf 82' lang='lat' dir='ltr'><strong>teri,</strong></span> <span class='ocrx_word' id='word_1_376' title='bbox 404 3697 439 3749; x_wconf 88' lang='lat' dir='ltr'><strong>N.</strong></span> <span class='ocrx_word' id='word_1_377' title='bbox 449 3714 471 3748; x_wconf 89' lang='lat' dir='ltr'><strong>e.</strong></span> <span class='ocrx_word' id='word_1_378' title='bbox 482 3714 534 3747; x_wconf 82' lang='lat' dir='ltr'><strong>cssn</strong></span> <span class='ocrx_word' id='word_1_379' title='bbox 543 3698 633 3759; x_wconf 79' lang='lat' dir='ltr'><strong>uident,</strong></span> <span class='ocrx_word' id='word_1_380' title='bbox 642 3701 721 3749; x_wconf 80' lang='lat' dir='ltr'><strong>estem</strong></span> <span class='ocrx_word' id='word_1_381' title='bbox 731 3699 853 3761; x_wconf 59' lang='lat' dir='ltr'><strong>syenem.</strong></span> <span class='ocrx_word' id='word_1_382' title='bbox 869 3702 913 3752; x_wconf 86' lang='lat' dir='ltr'><strong>Its</strong></span> <span class='ocrx_word' id='word_1_383' title='bbox 921 3704 1005 3753; x_wconf 86' lang='lat' dir='ltr'><strong>edidit</strong></span> <span class='ocrx_word' id='word_1_384' title='bbox 1015 3706 1102 3754; x_wconf 88' lang='lat' dir='ltr'><strong>Ursin.</strong></span> <span class='ocrx_word' id='word_1_385' title='bbox 1115 3704 1163 3754; x_wconf 89' lang='lat' dir='ltr'><strong>uisi</strong></span> <span class='ocrx_word' id='word_1_386' title='bbox 1175 3704 1245 3769; x_wconf 88' lang='lat' dir='ltr'><strong>quod</strong></span> <span class='ocrx_word' id='word_1_387' title='bbox 1257 3717 1295 3752; x_wconf 84' lang='lat' dir='ltr'><strong>vs.</strong></span> <span class='ocrx_word' id='word_1_388' title='bbox 1306 3706 1346 3751; x_wconf 77' lang='lat' dir='ltr'><strong>tt.</strong></span> <span class='ocrx_word' id='word_1_389' title='bbox 1358 3702 1440 3764; x_wconf 73' lang='lat' dir='ltr'><strong>leget,</strong></span> 
     </span>
     <span class='ocr_line' id='line_1_43' title="bbox 337 3764 1437 3832; baseline -0.002 -18"><span class='ocrx_word' id='word_1_390' title='bbox 337 3764 425 3814; x_wconf 76' lang='lat' dir='ltr'><strong>Venire</strong></span> <span class='ocrx_word' id='word_1_391' title='bbox 432 3779 484 3813; x_wconf 80' lang='lat' dir='ltr'><strong>esre</strong></span> <span class='ocrx_word' id='word_1_392' title='bbox 492 3764 574 3813; x_wconf 77' lang='lat' dir='ltr'><strong>rident</strong></span> <span class='ocrx_word' id='word_1_393' title='bbox 583 3778 676 3827; x_wconf 75' lang='lat' dir='ltr'><strong>swern,</strong></span> <span class='ocrx_word' id='word_1_394' title='bbox 686 3764 801 3824; x_wconf 77' lang='lat' dir='ltr'><strong>otsuoisst</strong></span> <span class='ocrx_word' id='word_1_395' title='bbox 810 3768 895 3817; x_wconf 71' lang='lat' dir='ltr'><strong>misor.</strong></span> <span class='ocrx_word' id='word_1_396' title='bbox 927 3768 1026 3819; x_wconf 85' lang='lat' dir='ltr'><strong>Nostra</strong></span> <span class='ocrx_word' id='word_1_397' title='bbox 1033 3767 1114 3820; x_wconf 84' lang='lat' dir='ltr'><strong>lectio</strong></span> <span class='ocrx_word' id='word_1_398' title='bbox 1126 3770 1241 3832; x_wconf 65' lang='lat' dir='ltr'><strong>tripertio</strong></span> <span class='ocrx_word' id='word_1_399' title='bbox 1249 3766 1369 3828; x_wconf 82' lang='lat' dir='ltr'><strong>debetur,</strong></span> <span class='ocrx_word' id='word_1_400' title='bbox 1378 3778 1437 3828; x_wconf 78' lang='lat' dir='ltr'><strong>quse</strong></span> 
     </span>
     <span class='ocr_line' id='line_1_44' title="bbox 333 3828 1439 3900; baseline -0.002 -21"><span class='ocrx_word' id='word_1_401' title='bbox 333 3829 422 3879; x_wconf 88' lang='lat' dir='ltr'><strong>multis</strong></span> <span class='ocrx_word' id='word_1_402' title='bbox 435 3828 542 3894; x_wconf 84' lang='lat' dir='ltr'><strong>placuit.</strong></span> <span class='ocrx_word' id='word_1_403' title='bbox 575 3828 663 3877; x_wconf 84' lang='lat' dir='ltr'><strong>Bentl.</strong></span> <span class='ocrx_word' id='word_1_404' title='bbox 680 3829 722 3878; x_wconf 85' lang='lat' dir='ltr'><strong>ltu</strong></span> <span class='ocrx_word' id='word_1_405' title='bbox 731 3844 792 3879; x_wconf 80' lang='lat' dir='ltr'><strong>sanc</strong></span> <span class='ocrx_word' id='word_1_406' title='bbox 807 3832 898 3895; x_wconf 75' lang='lat' dir='ltr'><strong>tegetes</strong></span> <span class='ocrx_word' id='word_1_407' title='bbox 908 3832 1150 3900; x_wconf 76' lang='lat' dir='ltr'><strong>quisqusexspeetuos</strong></span> <span class='ocrx_word' id='word_1_408' title='bbox 1162 3830 1283 3897; x_wconf 68' lang='lat' dir='ltr'><strong>poderim</strong></span> <span class='ocrx_word' id='word_1_409' title='bbox 1295 3832 1390 3880; x_wconf 76' lang='lat' dir='ltr'><strong>Nocere</strong></span> <span class='ocrx_word' id='word_1_410' title='bbox 1399 3842 1439 3877; x_wconf 86' lang='lat' dir='ltr'><strong>se·</strong></span> 
     </span>
    </p>
   </div>
   <div class='ocr_carea' id='block_1_10' title="bbox 833 3982 943 4055">
    <p class='ocr_par' dir='ltr' id='par_1_10' title="bbox 833 3982 943 4055">
     <span class='ocr_line' id='line_1_45' title="bbox 833 3982 943 4055; baseline 0.027 -23"><span class='ocrx_word' id='word_1_411' title='bbox 833 3982 943 4055; x_wconf 75' lang='lat' dir='ltr'><strong>norm</strong></span> 
     </span>
    </p>
   </div>
   <div class='ocr_carea' id='block_1_11' title="bbox 294 4094 1439 4386">
    <p class='ocr_par' dir='ltr' id='par_1_11' title="bbox 294 4094 1439 4386">
     <span class='ocr_line' id='line_1_46' title="bbox 368 4094 1439 4159; baseline 0.002 -14"><span class='ocrx_word' id='word_1_412' title='bbox 368 4100 400 4145; x_wconf 75' lang='lat' dir='ltr'><strong>tt</strong></span> <span class='ocrx_word' id='word_1_413' title='bbox 418 4096 451 4145; x_wconf 83' lang='lat' dir='ltr'><strong>Et</strong></span> <span class='ocrx_word' id='word_1_414' title='bbox 465 4096 508 4145; x_wconf 81' lang='lat' dir='ltr'><strong>boc</strong></span> <span class='ocrx_word' id='word_1_415' title='bbox 525 4095 615 4156; x_wconf 83' lang='lat' dir='ltr'><strong>seretis</strong></span> <span class='ocrx_word' id='word_1_416' title='bbox 632 4110 677 4159; x_wconf 86' lang='lat' dir='ltr'><strong>pro</strong></span> <span class='ocrx_word' id='word_1_417' title='bbox 692 4094 785 4157; x_wconf 70' lang='lat' dir='ltr'><strong>,iudicio</strong></span> <span class='ocrx_word' id='word_1_418' title='bbox 805 4108 867 4159; x_wconf 78' lang='lat' dir='ltr'><strong>pse·</strong></span> <span class='ocrx_word' id='word_1_419' title='bbox 907 4104 963 4148; x_wconf 88' lang='lat' dir='ltr'><strong>turn</strong></span> <span class='ocrx_word' id='word_1_420' title='bbox 992 4100 1025 4150; x_wconf 86' lang='lat' dir='ltr'><strong>ed</strong></span> <span class='ocrx_word' id='word_1_421' title='bbox 1051 4100 1234 4152; x_wconf 82' lang='lat' dir='ltr'><strong>iilustrsndunt</strong></span> <span class='ocrx_word' id='word_1_422' title='bbox 1253 4099 1323 4148; x_wconf 81' lang='lat' dir='ltr'><strong>bunc</strong></span> <span class='ocrx_word' id='word_1_423' title='bbox 1350 4097 1439 4147; x_wconf 78' lang='lat' dir='ltr'><strong>ionum</strong></span> 
     </span>
     <span class='ocr_line' id='line_1_47' title="bbox 333 4170 1439 4245; baseline 0.005 -24"><span class='ocrx_word' id='word_1_424' title='bbox 333 4170 420 4232; x_wconf 73' lang='lat' dir='ltr'><strong>seton]</strong></span> <span class='ocrx_word' id='word_1_425' title='bbox 436 4171 867 4235; x_wconf 73' lang='lat' dir='ltr'><strong>iiicversnsnontepitusiuPbae·</strong></span> <span class='ocrx_word' id='word_1_426' title='bbox 907 4180 1020 4234; x_wconf 65' lang='lat' dir='ltr'><strong>Ptraedrt,</strong></span> <span class='ocrx_word' id='word_1_427' title='bbox 1053 4182 1158 4234; x_wconf 67' lang='lat' dir='ltr'><strong>Idcirco</strong></span> <span class='ocrx_word' id='word_1_428' title='bbox 1171 4182 1243 4232; x_wconf 81' lang='lat' dir='ltr'><strong>inum</strong></span> <span class='ocrx_word' id='word_1_429' title='bbox 1261 4192 1311 4229; x_wconf 88' lang='lat' dir='ltr'><strong>uun</strong></span> <span class='ocrx_word' id='word_1_430' title='bbox 1329 4186 1439 4245; x_wconf 73' lang='lat' dir='ltr'><strong>preter·</strong></span> 
     </span>
     <span class='ocr_line' id='line_1_48' title="bbox 294 4245 1027 4312; baseline 0.011 -19"><span class='ocrx_word' id='word_1_431' title='bbox 294 4259 296 4263; x_wconf 75' lang='grc'>’</span> <span class='ocrx_word' id='word_1_432' title='bbox 335 4245 384 4293; x_wconf 88' lang='lat' dir='ltr'><strong>dro</strong></span> <span class='ocrx_word' id='word_1_433' title='bbox 394 4246 516 4296; x_wconf 88' lang='lat' dir='ltr'><strong>editionis</strong></span> <span class='ocrx_word' id='word_1_434' title='bbox 528 4249 642 4312; x_wconf 74' lang='lat' dir='ltr'><strong>Rigsitii.</strong></span> <span class='ocrx_word' id='word_1_435' title='bbox 673 4247 866 4299; x_wconf 82' lang='lat' dir='ltr'><strong>Siresithae·</strong></span> <span class='ocrx_word' id='word_1_436' title='bbox 906 4260 1027 4310; x_wconf 71' lang='lat' dir='ltr'><strong>misimus,</strong></span> 
     </span>
     <span class='ocr_line' id='line_1_49' title="bbox 335 4320 911 4386; baseline 0.009 -17"><span class='ocrx_word' id='word_1_437' title='bbox 335 4320 385 4383; x_wconf 84' lang='lat' dir='ltr'><strong>riri,</strong></span> <span class='ocrx_word' id='word_1_438' title='bbox 398 4322 452 4369; x_wconf 82' lang='lat' dir='ltr'><strong>sire</strong></span> <span class='ocrx_word' id='word_1_439' title='bbox 464 4322 575 4386; x_wconf 76' lang='lat' dir='ltr'><strong>atterius,</strong></span> <span class='ocrx_word' id='word_1_440' title='bbox 589 4323 691 4375; x_wconf 84' lang='lat' dir='ltr'><strong>confert</strong></span> <span class='ocrx_word' id='word_1_441' title='bbox 701 4332 788 4376; x_wconf 82' lang='lat' dir='ltr'><strong>temen</strong></span> <span class='ocrx_word' id='word_1_442' title='bbox 800 4325 865 4374; x_wconf 87' lang='lat' dir='ltr'><strong>rnul-</strong></span> <span class='ocrx_word' id='word_1_443' title='bbox 909 4348 911 4353; x_wconf 96' lang='lat'>·</span> 
     </span>
    </p>
   </div>
   <div class='ocr_carea' id='block_1_12' title="bbox 0 0 1610 4967">
    <p class='ocr_par' dir='ltr' id='par_1_12' title="bbox 0 0 1610 4967">
     <span class='ocr_line' id='line_1_50' title="bbox 0 0 1610 4967; baseline 0 0"><span class='ocrx_word' id='word_1_444' title='bbox 0 0 1610 4967; x_wconf 95' lang='lat' dir='ltr'><strong> </strong></span> 
     </span>
    </p>
   </div>
  </div>
 </body>
</html>
