3192 4967
299 402 343 473 48
516 420 669 471 rumori
693 414 1181 473 rawuuaurrmsorrannsr

300 564 448 650 AEmpue
461 564 560 628 nobis
574 564 637 628 hoc
652 561 843 646 exemplam
854 559 1017 645 prodidit.

299 662 301 667 ’
342 666 492 731 Τιιιιιοιιε
504 664 596 728 inani
610 662 778 729 Graculus
793 662 959 745 superbia,-

301 768 448 845 Pennas,
465 766 597 833 Paroni
612 784 689 851 quac
704 764 907 839 deciderant,
921 762 1068 840 sustulit,
1111 796 1115 803 ·

298 869 408 953 Seque
423 868 615 940 exornavit:
638 865 756 931 deinde
772 870 987 930 contemnens·
997 882 1078 928 euos

300 972 466 1037 Formoso
481 990 518 1035 se
529 970 703 1033 Pavonum
718 966 900 1031 immiscuit
914 968 1012 1050 gregi.

299 1072 355 1138 Illi
370 1073 551 1157 impudenti
564 1090 689 1155 pennae
705 1070 848 1152 eripiunt
862 1069 930 1155 avi,

299 1172 495 1258 Fugantque
509 1174 637 1237 rostris.
683 1170 775 1236 Male
787 1165 955 1234 mulcatus
970 1166 1139 1233 Graculus

298 1384 396 1449 reliquit
405 1384 471 1435 natu
479 1386 538 1435 illud
546 1387 684 1449 crimmum.
719 1386 845 1446 Graculus,
853 1384 953 1449 inflatae
961 1388 1127 1445 comtum,
1136 1381 1229 1444 redegit
1237 1366 1338 1445 paea,
1345 1396 1399 1445 quur

298 1448 433 1498 excideram
448 1451 550 1512 Pauori,
561 1451 675 1513 iisque-rs
684 1451 788 1501 rediet.
810 1451 890 1510 >Dein
899 1464 1011 1513 eperum
1026 1463 1088 1509 suos,
1097 1448 1241 1509 aggregavit
1258 1446 1399 1505 reform

298 1512 375 1563 treta
387 1514 516 1564 Pacarium.
543 1516 596 1567 Qui
604 1515 711 1565 eximunt
719 1516 813 1581 plumas
823 1516 877 1564 duic
887 1515 977 1588 adami
987 1514 1181 1576 inverecundae
1197 1510 1296 1573 αὸίΜ
1306 1510 1398 1560 rastris.

760 1642 938 1662 W

299 1720 507 1785 coringhamus3
524 1734 573 1772 nee
585 1722 639 1771 aine
652 1724 758 1774 ratione.
792 1724 884 1773 Habet
894 1723 962 1773 enirn
974 1722 1123 1788 Anonymns
1135 1722 1243 1773 Nilantil
1255 1718 1308 1770 fab.
1320 1733 1399 1772 nur.

297 1800 327 1835 ae
337 1786 408 1835 libeat
420 1788 523 1849 plorimi
533 1802 661 1851 quenquam
678 1788 743 1837 imis
754 1787 848 1849 alienis,
860 1789 911 1837 sair
921 1791 981 1852 quin
994 1791 1080 1852 potine
1088 1790 1167 1836 uicere
1177 1787 1253 1836 mile.
1286 1787 1338 1836 Sed
1349 1788 1399 1835 irae

298 1850 478 1900 emendatione
490 1858 608 1901 uenerat
621 1867 695 1916 opus,
707 1852 766 1917 quia
782 1859 846 1964 poet
863 1853 1008 1915 negativam
1021 1853 1176 1915 particulam
1186 1866 1225 1912 ae,
1235 1866 1287 1913 aec,
1301 1852 1343 1900 rel
1351 1864 1400 1899 aaa

288 1913 394 1978 'passim
405 1915 521 1979 seqnitur
531 1921 565 1976 et,
577 1931 597 1965 s.
609 1931 667 1980 que,·
685 1916 711 1964 id
731 1931 780 1980 qno
812 1916 934 1979 probarit
945 1917 1033 1967 Burm.
1043 1917 1077 1965 ad
1092 1916 1169 1967 Ouid.
1180 1916 1246 1966 Met.
1254 1929 1297 1965 ιιι.
1309 1919 1399 1965 492.-

297 1982 349 2029 5.6
367 1979 467 2029 Paconi.
485 1978 635 2043 Anonymue
658 1980 767 2030 Nilantii
782 1996 898 2044 paeonum
915 1996 967 2042 qua
985 1982 1139 2039 decideraatr
1162 1981 1284 2030 vincent.
1303 1980 1400 2042 Perseus

295 2056 412 2105 maenum
420 2058 471 2106 que
482 2044 630 2102 reciderant;
641 2044 687 2093 sed
700 2044 816 2107 quiahoc
827 2045 951 2107 sequitur,
962 2051 990 2093 et
1001 2046 1123 2094 Romulos
1135 2044 1214 2093 habet
1223 2059 1316 2093 umens
1325 2057 1397 2105 paca-

297 2107 337 2155 rris
346 2122 442 2172 persnas,
453 2110 651 2171 quoeeeeiderarrt,
663 2108 759 2158 rectius
768 2110 896 2158 retinetur
901 2109 1044 2171 paeoni—ti
1061 2108 1209 2172 Anonymus
1220 2124 1227 2156 ε
1238 2122 1306 2171 reque
1313 2107 1400 2175 exinde

297 2170 1401 2237 amarit,andeBnrm.conjiciposseputat,Phaedrumscripsir'se,reqaeirrdeonracit‚·

297 2236 456 2287 collectioni
466 2235 540 2287 feret
550 2238 716 2297 Vincentius,
727 2238 870 2303 quilebet,
880 2243 905 2286 et
914 2239 969 2285 inde
980 2240 1113 2301 recreauit
1122 2243 1152 2286 nt
1163 2238 1218 2285 iude
1228 2244 1340 2300 ponatur
1352 2248 1400 2297 pro

297 2300 459 2376 pronomine.
488 2302 584 2377 liniter
597 2309 683 2352 tamen
695 2303 784 2351 Barm.
795 2302 937 2377 iriclegere
949 2301 1025 2364 Seque
1035 2302 1173 2353 aarum:
1188 2302 1244 2377 iude
1253 2307 1400 2350 memes·

297 2367 1016 2495 titii:tiis-¹{ittii.iil.¹⁶‘e.tlt.iel.⁰tti¹t
1028 2362 1403 2481 attituletur&

299 2504 327 2553 p.
334 2494 359 2539 9.
384 2489 458 2553 Seque
469 2492 592 2540 exorauerit
601 2508 609 2538 :
619 2493 677 2540 exin
687 2492 731 2556 (ex
740 2494 784 2540 illo
796 2496 928 2555 tempore)
937 2512 957 2544 c.
968 2508 989 2543 s.
1008 2495 1159 2557 Bipontini:
1177 2492 1252 2555 Seque
1260 2492 1400 2542 excusarit.-

298 2554 354 2605 det'rs
371 2558 471 2603 cre-t
487 2554 587 2617 Scripti
608 2554 685 2602 libri:
703 2555 837 2603 Immiueua't
853 2571 879 2603 re
891 2555 998 2614 serasera
1015 2571 1129 2618 meamea
1143 2557 1223 2615 gregi.
1254 2557 1318 2603 Tum
1339 2569 1399 2606 vero

298 2618 427 2667 imratecait
439 2617 519 2667 debet
529 2632 585 2665 esse
601 2618 757 2679 trisyllabon.
790 2618 867 2667 Hanc
878 2618 989 2666 lectione
1031 2625 1136 2667 tuentur
1149 2618 1245 2678 Rigalt
1255 2619 1281 2666 in
1293 2620 1364 2669 Edit.
1374 2624 1400 2669 2.

299 2682 395 2731 Nevel.
407 2682 501 2741 Faber,
511 2682 614 2729 Wasius
631 2681 664 2729 de
676 2683 764 2731 Seuer.
777 2696 804 2743 p.
816 2686 873 2731 lae.
897 2634 1065 2730 Barthffidv.
1074 2682 1119 2730 lib.
1131 2694 1218 2730 xsvrr.
1226 2696 1249 2730 e.
1261 2687 1300 2731 10.
1318 2683 1402 2731 Hein-

227 2792 241 2807 ,
299 2745 361 2807 sius,
379 2746 485 2809 Herios,
503 2745 651 2794 Derbillon.
671 2745 706 2794 al.
725 2745 757 2794 Se
772 2745 901 2793 immiscuit
914 2746 1058 2807 paream.
1067 2761 1093 2807 g.
1110 2746 1213 2795 Marcii.
1225 2746 1258 2795 ad
1276 2747 1340 2795 lior.
1350 2748 1401 2811 Ep.

299 2813 353 2859 ad.
373 2825 399 2873 p.
409 2814 466 2860 lle.
486 2810 605 2859 immiscet
621 2808 679 2867 ses.
695 2825 722 2873 p.
738 2824 765 2871 ς.
793 2809 837 2857 Sic
857 2809 968 2858 Bentlei.
979 2815 1006 2857 et
1017 2810 1216 2873 Cuningiramos.
1249 2810 1361 2859 Brotier.
1371 2818 1400 2861 et

299 2873 453 2924 Lallemant.
468 2875 588 2923 Immireet
599 2872 719 2937 eep.s.g.
736 2872 888 2923 Buchnerur
900 2879 928 2922 et
944 2871 1098 2923 Ritlerslrue.
1119 2875 1253 2923 Immiscuit
1275 2875 1399 2931 retinent,

299 2937 346 2989 sed
357 2937 386 2987 τὸ
396 2955 420 2989 re
431 2944 540 2994 censent
551 2938 689 2987 delendum
709 2952 724 2987 e
735 2952 772 2987 ue.
790 2941 814 2986 6.
835 2938 1013 2999 repetendam,
1030 2938 1099 3003 qnod
1112 2947 1184 2988 reete
1195 2939 1287 2987 duram
1296 2939 1399 2988 uidetur

298 3001 471 3055 Taschuckio.
505 3001 657 3051 Wakefield.
671 2972 707 3051 ad
721 3002 827 3051 Lucret.
852 3015 896 3051 ιιι.
914 3006 972 3051 ⁵01.
997 3017 1136 3066 pronomen
1161 3018 1186 3052 re
1210 3004 1266 3052 volt
1289 3004 1351 3052 elidi
1371 3010 1400 3052 et

300 3067 386 3117 locam
397 3068 434 3118 sic
444 3069 495 3129 legi
507 3083 514 3114 r
533 3066 666 3115 Immiecuit
676 3064 899 3127 paceaumsorraase
908 3066 988 3128 gregi,
1000 3073 1030 3116 at
1040 3068 1167 3117 manauit
1176 3075 1287 3131 ponatur
1297 3082 1344 3131 pro
1353 3067 1399 3115 iar·
1463 3124 1469 3131 .

299 3131 394 3181 erucae
404 3145 438 3193 ee,
456 3129 599 3193 eujusmodi
619 3128 791 3177 intransitivis
806 3130 942 3179 Lucretius
954 3146 1023 3194 saepe
1037 3147 1097 3180 uras
1110 3132 1154 3193 sit,
1163 3140 1191 3181 et
1202 3133 1276 3195 virg.
1287 3132 1345 3181 AEn.
1358 3144 1399 3181 rx.

300 3198 358 3243 872.
391 3194 529 3256 Scioppius
540 3199 569 3242 et
579 3191 725 3241 Schefferus
743 3194 819 3240 metri
837 3207 915 3242 cauea
930 3194 1018 3257 meilen
1031 3196 1200 3257 substituunt,
1211 3210 1399 3258 prepararem

301 3257 415 3309 Frustra.
432 3258 580 3305 Burmanno
592 3258 695 3319 placet:
714 3256 745 3304 Se
765 3256 857 3305 miscuit
876 3258 1028 3319 paeonias.
1049 3274 1076 3320 g.
1098 3261 1157 3308 Nou
1180 3261 1254 3307 male.
1276 3260 1398 3309 Romulus

301 3321 370 3371 enim
378 3331 406 3372 et
417 3336 450 3371 ex
461 3322 509 3371 hoc
519 3321 642 3371 vincent.
653 3320 747 3369 meruit
756 3335 781 3369 re
790 3320 862 3382 gregi
871 3336 996 3383 meorum,
1007 3329 1034 3371 et
1045 3324 1110 3371 Hor.
1120 3323 1171 3372 Od.
1183 3337 1201 3373 r.
1214 3327 1236 3371 l.
1247 3326 1255 3350 ⁴
1265 3324 1311 3372 Me
1322 3323 1400 3372 uede·
1449 3360 1453 3369 .

301 3399 337 3435 rae
348 3386 397 3436 Dis
415 3387 524 3435 miscent
543 3385 643 3449 superis
652 3384 667 3445 ς’
685 3384 836 3448 Anonymue
849 3393 936 3434 autem
948 3386 1001 3436 Nil.
1017 3388 1112 3435 uiuae
1127 3401 1152 3436 re
1165 3388 1284 3435 Paroream
1294 3386 1401 3445 formosa

202 3504 210 3514 α
299 3452 377 3512 gregi.
411 3452 494 3501 Quum
513 3450 630 3499 dedimus
649 3449 787 3499 lectionem
807 3449 909 3499 Gudins
927 3449 1000 3513 fecit,
1019 3451 1156 3501 addicente
1170 3452 1324 3500 Burmanno.
1357 3452 1399 3502 Sic

301 3514 369 3563 enim
380 3527 430 3563 non
442 3520 541 3565 tanturn
557 3524 678 3563 uumerus
690 3521 801 3574 constat,
817 3514 862 3562 sed
878 3514 982 3564 auribus
992 3515 1072 3565 etiam
1082 3517 1194 3565 rotunda
1205 3517 1332 3565 suavitate
1341 3530 1399 3579 gra·

302 3577 354 3628 tior
364 3583 462 3628 est-il
479 3579 627 3641 Fugantque.
645 3578 737 3627 Heins.
765 3579 901 3641 Figuatque
915 3581 984 3628 curis
1001 3583 1118 3629 secundis
1129 3581 1162 3629 ad
1174 3581 1252 3630 Ouid.
1266 3580 1354 3628 Amor.
1365 3593 1399 3630 ιι.

301 3647 327 3694 5.
345 3645 385 3693 24.
396 3648 474 3707 atque
484 3643 522 3692 itu
533 3644 635 3692 Marcii.
653 3643 685 3691 ad
704 3642 769 3692 Hor.
783 3643 808 3692 d.
820 3644 836 3691 l.
842 3644 897 3706 jam
909 3652 1059 3694 correxerat
1069 3661 1077 3705 ;
1087 3645 1132 3693 red
1143 3658 1193 3693 non
1204 3645 1298 3709 probat
1309 3646 1399 3695 Barm.

797 3789 903 3846 Nona

302 3908 401 3957 demus.
732 3958 734 3964 Α
904 3912 919 3963 t
946 3909 1057 3959 Forruoro
1078 3924 1103 3959 re
1124 3910 1246 3960 Paroraia
1271 3909 1400 3959 emacuit

280 4000 284 4007 ’
334 3984 467 4035 illimem
488 3984 553 4033 iuraui
577 3984 694 4033 Graculum
714 3982 832 4047 superbia]
869 3985 954 4048 gregi]
975 3984 1160 4049 [l.seP.f.g.]
1178 3987 1236 4035 Vox
1252 3985 1398 4034 illairrrrris·

301 4058 448 4123 Descripsit
473 4060 522 4109 hoe
551 4059 695 4109 Corniculae
723 4056 831 4108 infortu-
871 4061 921 4110 cuit
942 4062 990 4111 lroc
1008 4062 1067 4110 loco
1090 4068 1129 4111 est
1145 4060 1313 4125 τρισύλλαβος.
1353 4060 1398 4110 Its

301 4136 373 4187 ulum
394 4136 431 4185 tris
452 4135 570 4185 'versibus
591 4136 684 4186 Horat.
704 4136 832 4185 ‘Movent
870 4138 964 4202 Virgil.
992 4138 1232 4203 ‘Miscuerantqae
1254 4136 1348 4188 herbas
1368 4144 1396 4187 et

302 4209 441 4264 Cornicula
456 4211 535 4262 risam
553 4212 665 4264 Furtivis
680 4210 778 4263 nudata
788 4227 832 4264 co·
870 4225 923 4263 uon
940 4210 1045 4263 innoxia
1058 4210 1157 4263 verba!

301 4284 418 4337 loribus?
