3192 4967
287 394 310 456 4
739 406 936 459 nrrsnonn.

287 551 440 629 accessit,
473 557 511 615 ut
534 570 596 617 nee
626 556 870 635 praeceptorum
901 552 1063 617 severitas
1091 550 1265 634 elegantiae
1291 554 1386 621 iabu-

286 655 405 732 larum,
429 673 491 717 nee
511 653 698 717 fabularum
717 653 853 718 exilitas
873 659 1118 736 praeceptorum
1144 652 1313 737 majestati
1327 656 1385 721 de-

288 757 401 823 trahat
416 760 608 839 quicquam.

330 858 408 923 Has
438 877 514 939 ergo
549 857 695 934 fabulas,
735 858 994 921 Snusurssrun
1024 856 1229 934 Purucsrs,
1266 857 1383 926 diurna

287 978 402 1037 meno,
419 960 482 1021 has
507 966 670 1023 nocturna
696 958 869 1039 versabis;
891 977 998 1041 eoque
1012 958 1130 1039 diliges
1144 958 1383 1039 vehementius,

176 1080 177 1085 ’
287 1062 377 1145 quod
398 1080 468 1125 non
492 1066 562 1123 tarn
583 1078 670 1136 mea,
693 1080 793 1143 quam
818 1060 1042 1125 Illustn'ssimi
1066 1060 1176 1125 Ducis
1200 1060 1383 1133 Murmur

287 1178 390 1229 suun
415 1180 534 1227 manus
561 1159 689 1227 offerat.
742 1162 808 1225 Ille
834 1164 923 1227 vires
948 1162 1042 1238 mihi,
1064 1162 1121 1225 ille
1150 1161 1383 1245 suppeditavit

286 1264 429 1342 animos,
453 1264 509 1327 ille
532 1262 669 1345 impulit
687 1269 726 1329 ut
748 1264 904 1329 auderem
929 1264 993 1328 hae
1018 1266 1053 1326 in
1073 1270 1170 1347 parte
1195 1264 1383 1333 studiorum

286 1371 421 1431 tuorum
435 1364 514 1428 Tibi
527 1364 690 1448 prodesse
703 1364 967 1447 quodammodo.
1009 1363 1071 1427 Tu
1087 1364 1165 1428 fava
1187 1384 1277 1428 novo
1302 1365 1381 1431 huie

285 1466 406 1544 labori,
424 1486 525 1549 quem
539 1472 571 1529 el
585 1484 626 1529 eo
636 1466 777 1550 jubente
793 1467 945 1549 suscepi,
959 1471 995 1529 et
1009 1472 1043 1529 te
1058 1473 1225 1532 annuente
1239 1465 1381 1534 eonle‘ei.

285 1568 359 1633 Eril
370 1567 444 1633 hee
459 1586 607 1631 meorum
620 1575 774 1633 votorum
789 1587 934 1645 ¹summa,
957 1568 989 1632 si
1008 1567 1150 1631 videbor
1165 1567 1330 1649 obsequio
1344 1573 1380 1631 te

284 1688 353 1743 non
367 1668 461 1735 inani
475 1669 637 1747 coluisse,
665 1671 726 1735 sed
747 1670 933 1737 contulisse
953 1669 1077 1751 aliquid
1100 1669 1142 1732 ad
1157 1668 1381 1733 excolendum

284 1770 368 1837 tanti
379 1770 550 1855 Principis
564 1773 745 1854 ingenium,
769 1775 804 1839 in
828 1792 896 1857 quo
919 1770 1091 1853 somonam
1113 1769 1253 1852 Imperii
1267 1769 1381 1835 Chris·

284 1871 474 1950 nouissimi,
505 1890 601 1956 spem
624 1875 766 1943 maximi
795 1875 914 1958 Regia,
946 1872 1122 1938 Gallorum
1147 1879 1241 1948 vota,
1274 1869 1379 1934 totius

285 1970 388 2039 Orbis
411 1974 684 2059 expectauomm
707 1976 805 2045 Deus
825 1976 988 2063 Optimus
1003 1971 1182 2043 Maximus
1189 1971 1380 2041 felicissime

183 2091 185 2099 ·
286 2072 453 2157 deposuit.

755 2222 759 2233 ·
896 2176 977 2245 'libi
1000 2174 1251 2249 Devotissimus

988 2290 1175 2358 PIa'l'RUS
1200 2288 1376 2356 DANE'l'.
