3192 4967
286 388 330 461 88
458 409 610 461 sunrors
635 408 681 457 nr
704 406 939 459 ιιιιιιιοιιιι
962 409 1013 459 un
1036 396 1210 460 ruunno.

287 552 466 621 Multorum
490 551 629 643 aliorum
649 550 780 637 judicia
803 551 939 635 collegit
959 553 1202 647 eruditissimus
1217 550 1383 632 Axenitrs,

330 677 407 743 quae
423 656 536 722 videre
552 650 642 739 apud
658 654 767 740 ipsum
781 664 892 739 potes.
928 653 1027 721 Addo
1043 658 1189 735 unicum,
1202 658 1303 721 nimis
1317 658 1385 722 dis-

285 790 287 797 ·
328 776 505 843 crepuusu
529 759 657 836 ceteris,
679 759 738 823 sed
753 766 865 823 tamen
879 758 1015 842 dignum
1029 759 1107 841 legi,
1129 766 1166 825 nt
1175 749 1314 843 liqueat,
1335 758 1384 824 nil

324 870 395 929 tam
410 864 491 927 bene
506 861 586 938 dici,
607 866 645 927 ut
657 878 725 925 non
738 860 887 925 inveniat
901 860 1136 926 adrandum.
1246 898 1250 904 ·
1347 875 1352 880 ’

329 1046 514 1115 Scriverius
528 1043 573 1109 ad
589 1061 646 1109 ιιι.
661 1043 728 1127 Ep.
742 1042 953 1109 Martialit).
967 1044 1027 1111 ubi
1039 1042 1157 1127 podia:
1170 1041 1341 1111 snm-

578 1147 665 1213 latur
677 1148 821 1231 improbi
831 1148 928 1232 jocos
944 1145 1091 1212 Phaedri.

319 1283 506 1349 Possuntne
522 1281 630 1363 magis
644 1280 830 1365 decoquere
843 1280 1032 1364 dejudicio,
1046 1298 1086 1346 ac
1096 1280 1202 1363 magis
1215 1280 1328 1357 ludere
1339 1282 1384 1347 de

284 1388 356 1455 otio
374 1404 436 1453 suo
451 1385 513 1451 viri
529 1384 633 1460 docti,
657 1383 716 1467 qni
743 1384 947 1460 existimant,
968 1383 1187 1449 fabulatorem
1202 1383 1385 1452 Phaedrum

284 1511 306 1556 a
321 1490 373 1555 Cl.
389 1486 731 1565 Pithoeoeditum,·et
757 1486 854 1570 cnjus
873 1484 1023 1550 Avienus
1044 1486 1183 1570 qnidam
1204 1488 1240 1550 in
1262 1486 1384 1571 praefa-

284 1595 373 1657 tione
390 1590 577 1655 fabularum
592 1606 724 1651 suarum
740 1588 955 1671 AEsopiarnm
969 1586 1013 1651 ad
1028 1586 1256 1653 Theodosium
1269 1589 1386 1653 merni-

282 1693 345 1770 nit,
359 1678 448 1757 hunc
464 1689 605 1753 eundem
620 1708 707 1765 esse,
729 1687 771 1752 de
787 1708 854 1773 quo
869 1688 1016 1772 loquitur
1030 1683 1220 1756 Martialisl
1255 1689 1386 1759 Volunt

282 1814 345 1859 nos
359 1794 491 1859 credere
504 1791 643 1870 scilicet,
658 1789 834 1855 Libertum
845 1791 938 1855 illum
949 1790 1095 1873 Augusti
1107 1791 1254 1858 Caesaris
1268 1794 1384 1874 inisse,

179 1906 182 1913 '
283 1898 371 1980 stylo
393 1903 494 1977 atque
515 1900 664 1977 tempore
685 1911 798 1977 parem
821 1892 1053 1975 proximumve
1068 1893 1210 1960 Laberio
1224 1896 1278 1959 vel
1293 1895 1384 1961 Pub-

283 2001 330 2065 lio
361 1998 480 2075 Mimo,
507 2001 541 2061 et
569 1995 715 2079 quidem,
747 2000 908 2078 qnantum
933 1995 1129 2081 conjiciunt,
1152 1997 1215 2061 sub
1244 1997 1381 2077 Tiberio

281 2101 425 2177 vixisse,
461 2104 560 2182 atque
589 2097 674 2162 adeo
701 2101 779 2181 post
808 2096 968 2183 Sejanum
997 2096 1199 2163 damnatum.
1258 2098 1382 2183 Nngae.

283 2193 390 2281 Certe,
422 2202 487 2265 nisi
514 2198 725 2265 vehementer
753 2197 864 2277 fallor,
900 2218 976 2265 aevo
1012 2200 1074 2266 illo
1103 2202 1223 2285 dignus
1240 2200 1383 2267 ¹censeri

281 2304 413 2367 minime
435 2307 548 2385 potest
571 2301 714 2385 scriptor
734 2301 811 2378 iste,
829 2300 944 2366 euicui
967 2300 1102 2367 tandem
1127 2304 1185 2369 ille
1211 2306 1329 2388 alapas
1351 2309 1384 2368 et

182 2474 187 2485 ,
280 2405 468 2469 libertatem
480 2402 609 2466 debeat.
653 2401 764 2467 Pareo
789 2410 987 2485 argumenta
1006 2406 1175 2488 sigillatim
1201 2425 1383 2490 apponere,

281 2524 360 2590 quae
394 2523 449 2567 me
481 2509 625 2579 movent,
649 2508 684 2565 et
709 2511 837 2583 cogunt
861 2524 1015 2569 seorsum
1043 2509 1178 2581 sentire,
1201 2508 1384 2592 soetnmqne

283 2597 526 2671 alienissimum
553 2602 769 2687 pronuntiare
792 2602 968 2686 impellunt
994 2622 1016 2667 a
1037 2603 1128 2685 jocis
1154 2601 1301 2683 Phaedri,
1317 2626 1384 2671 cu·

276 2708 333 2792 jus
347 2708 403 2771 hic
419 2706 584 2771 Martialis
596 2704 756 2770 meminit.
803 2703 986 2771 Ostendam
1004 2705 1147 2770 fortasse
1170 2704 1256 2771 alias
1272 2707 1382 2790 plene,

278 2810 339 2874 ubi
358 2810 462 2875 otium
477 2809 551 2888 erit,
572 2812 605 2872 et
630 2808 761 2872 animus
783 2808 881 2873 istaec
905 2806 1025 2872 frivola
1047 2808 1281 2891 pertractandi.
1325 2809 1383 2872 In·

279 2913 376 2977 terim
401 2912 576 2977 considera
602 2910 696 2988 mibi,
718 2930 795 2994 quae
835 2910 917 2975 olim
945 2908 1112 2987 Perottus,
1144 2908 1302 2974 Pontifex
1323 2910 1383 2973 Se·

201 3052 203 3057 ·
279 3016 436 3097 nantinus
451 3015 487 3077 in
503 3012 756 3085 Commentariis
785 3014 856 3079 suis
871 3012 915 3077 ad
928 3011 1051 3078 librum
1065 3028 1091 3076 1.
1114 3010 1285 3077 Martialis
1305 3030 1382 3080 eon·

282 3115 429 3196 signavit
453 3114 607 3179 adhunc
631 3113 763 3177 locum:
787 3112 910 3193 ‘Quid
933 3118 1077 3198 possunt
1099 3113 1230 3178 hederas
1253 3114 1383 3179 Bacchi

281 3216 381 3295 darc,'
410 3220 469 3281 &c
522 3214 659 3295 Allusit,
689 3215 810 3297 inquit,
848 3214 892 3279 ad
925 3215 1084 3292 fabulam,
1121 3234 1222 3299 quam
1249 3235 1311 3280 nos
1337 3234 1381 3279 ex

280 3317 411 3384 Avieno
431 3318 467 3381 in
489 3313 645 3384 Fabullus
660 3320 790 3381 nostrus
806 3314 1038 3381 adolescentes
1061 3316 1209 3382 iambico
1233 3317 1381 3381 carmine

280 3421 522 3499 transtulimus,
978 3415 980 3420 ’

262 3513 264 3525 ’
355 3539 360 3549 ’
475 3520 566 3613 Oiirn
588 3540 674 3605 quas
697 3520 818 3586 vellent
838 3540 916 3585 esse
937 3520 975 3584 in
991 3521 1094 3587 tutela
1116 3541 1198 3587 sua:

279 3632 315 3689 et
339 3634 415 3709 quae
439 3628 618 3708 sequnntur
632 3623 680 3687 ibi
704 3624 790 3687 totis.
810 3614 989 3689 duodecim
1014 3622 1179 3700 versibus,
1199 3630 1232 3688 et
1252 3622 1380 3703 finiunt,

280 3770 283 3778 ·
394 3725 479 3790 'Nisi
493 3726 576 3791 utile
585 3732 652 3803 est,
668 3725 762 3809 qnod
777 3724 934 3803 facimus,
949 3724 1052 3788 stulta
1064 3729 1118 3789 est
1132 3723 1259 3807 gloria:
1274 3770 1279 3777 ,

278 3846 358 3912 qnae¹
370 3828 546 3912 ipsissima
557 3825 691 3893 Pbaedri
706 3828 796 3892 illius
812 3832 891 3891 sunt
906 3845 928 3890 a
940 3823 1074 3891 Pitboeo
1089 3828 1243 3911 primum,
1254 3834 1287 3893 st
1301 3835 1382 3912 post
1424 3809 1428 3821 ¹

275 3950 301 4004 ,a
316 3928 552 4011 Rittersbusi0‚
567 3927 855 4013 Rigaltio,-atque„
874 3926 951 3991 aliis
965 3925 1057 4008 editi,
1071 3928 1224 4014 uotisque
1236 3934 1271 3996 et
1284 3929 1381 3997 sobo·

280 4031 336 4097 liis
352 4032 523 4099 illustrati.
567 4030 692 4097 Extant
705 4030 835 4130 libius.
848 4029 917 4095 iab-
930 4029 984 4095 la.
1364 4074 1368 4080 -
