3192 4967
321 1164 325 1173 ’
448 1130 1059 1281 numanam.

605 1509 887 1521 ——u——u--n

200 1798 301 1895 Cum
327 1834 404 1895 ante
426 1830 488 1896 bos
508 1830 629 1914 viginti
648 1838 683 1899 et
701 1840 849 1918 quatuor
868 1852 977 1899 annos
992 1831 1184 1898 Editionem
1198 1830 1297 1895 Phae·

198 1926 261 2008 dri,
284 1950 361 1997 cum
377 1934 513 2000 selectis
528 1934 709 2001 Variorum
724 1934 841 2013 Notis,
856 1935 983 2019 quibus
997 1952 1091 2000 meas
1105 1933 1297 2018 adjecerant

199 2027 471 2114 Observationes,
477 2037 512 2099 in
525 2037 635 2101 lucem
651 2036 852 2118 emisissem
864 2055 927 2117 ego
936 2035 1072 2119 quidem
1081 2034 1300 2100 vehementer

198 2134 399 2214 gaudebam,
421 2138 699 2216 animadvertens,
723 2140 872 2222 opellam
886 2157 995 2203 meam
1016 2138 1296 2222 qualemcumque

196 2232 290 2298 Viris
305 2235 417 2302 doctis
432 2258 498 2303 non
512 2238 740 2323 displicuisse,
767 2242 871 2305 immo
884 2258 964 2305 vero
989 2260 1012 2303 a
1034 2240 1189 2322 plurimis
1203 2256 1296 2317 mag·

195 2335 348 2403 ncsbuic
360 2340 547 2422 impertitos
558 2358 634 2403 esse
650 2341 803 2423 plausus.
826 2340 948 2423 Neque
958 2339 1061 2402 etiam
1074 2335 1297 2417 subsequenti

99 2512 104 2521 ¹
195 2432 348 2518 tempore
363 2438 541 2502 doluerunt
556 2440 737 2519 elegantiae
764 2447 801 2497 et
822 2438 981 2498 doctrinae
1003 2434 1104 2498 laude
1121 2436 1296 2519 conspicui

193 2534 269 2610 viri,
292 2538 351 2617 qui
366 2554 474 2598 meam
496 2536 634 2597 Phaedri
656 2534 847 2599 Editionem
868 2534 1017 2619 reliquas
1031 2536 1178 2601 utilitate
1193 2556 1296 2620 supe·

194 2652 269 2697 rare
285 2638 485 2701 censerent.⁸
520 2633 593 2717 Ego
607 2652 700 2711 vero,
716 2642 756 2698 ut
770 2637 916 2717 ingenue
929 2636 1049 2715 fatear,
1066 2642 1101 2702 et
1113 2656 1180 2702 usu
1193 2637 1295 2703 edoc-

194 2740 261 2812 tus,
273 2741 305 2799 et
313 2736 472 2801 Virorum
486 2735 659 2801 doctorum
674 2735 840 2819 suffragiis
853 2739 1010 2816 monitus,
1023 2758 1105 2803 mox
1115 2738 1296 2822 intelligere

195 2837 298 2919 coepi,
321 2856 388 2900 non
411 2857 524 2921 pauca
545 2837 580 2901 in
602 2838 705 2901 hocce
730 2842 895 2921 opusculo
915 2859 994 2905 esse
1015 2840 1071 2905 vel
1085 2860 1217 2917 manca,
1238 2840 1295 2904 vel

193 2940 360 3003 nonsatis
376 2940 721 3021 accurateexposita,
744 2959 812 3023 quo
834 2941 981 3005 maxime
1004 2939 1167 3003 referendi
1192 2938 1295 3004 Godi·

196 3058 272 3105 oum
303 3040 387 3105 Mss.
421 3060 483 3104 neo
512 3058 580 3105 non
610 3040 805 3105 Editiuuum
841 3046 876 3106 et
902 3040 1109 3106 Versionnm
1137 3040 1294 3120 Indices;

194 3141 351 3224 quaedam
378 3163 465 3225 qnae,
496 3144 561 3207 etsi
587 3141 698 3219 utilia,
729 3142 977 3227 interpretando
1006 3148 1117 3207 tamen
1147 3140 1293 3205 Phaedro

195 3262 315 3327 parum
338 3245 498 3309 inservire
524 3244 736 3323 viderentur3
759 3244 920 3309 nonnulla
946 3245 1059 3321 etiam,
1082 3262 1158 3325 qnae
1178 3246 1295 3307 essent

195 3352 255 3409 aut
267 3346 356 3410 male
370 3346 514 3429 digesta,
538 3352 677 3411 autnon
693 3345 906 3412 satislucide
919 3344 1107 3428 explicata3
1128 3343 1293 3408 nonnulla

195 3445 342 3529 denique
369 3454 482 3513 textus
507 3448 597 3525 loca,
626 3467 744 3529 parum
775 3447 950 3531 emendate
978 3446 1080 3510 edita.
1136 3444 1292 3509 Maxime

194 3554 267 3613 erat
281 3550 479 3633 optandum,
502 3556 540 3613 ut
555 3548 659 3614 Notae
673 3549 802 3614 criticae
826 3568 847 3611 a
861 3547 1000 3632 reliquis
1014 3555 1181 3630 separatae
1196 3565 1291 3610 com·

195 3651 400 3733 paruissent.
446 3652 549 3715 Nunc
566 3650 696 3715 demum
717 3653 804 3715 enim
828 3651 1066 3734 intelligebam,
1093 3643 1155 3714 tali
1182 3648 1295 3713 Notas

193 3770 265 3815 rum
280 3754 501 3834 permixtione
524 3771 624 3816 usum
647 3752 722 3817 libri
749 3752 914 3817 redditum
929 3771 1005 3815 esse
1018 3750 1241 3817 difficiliorem
1255 3754 1293 3812 et

191 3851 436 3919 molestiorem.
481 3853 561 3918 Hoc
575 3854 674 3937 igitur
688 3862 760 3920 erat
774 3855 809 3918 in
823 3854 924 3933 votis,
939 3860 990 3929 ut,
1005 3852 1034 3917 si
1049 3850 1184 3936 quando
1199 3867 1293 3919 nova

684 4053 794 4104 NOTAE

224 4165 237 4193 ⁸
252 4158 312 4211 Vid.
323 4160 508 4228 Eschenburgli
526 4162 558 4213 V.
576 4162 616 4213 Cl.
633 4164 723 4213 Hand·
763 4164 832 4215 Zeit.
850 4178 909 4226 ann,
920 4166 993 4212 1785,
1005 4166 1026 4209 t.
1037 4172 1069 4210 ιι.
1082 4173 1110 4223 p.
1123 4162 1178 4211 19⁶.
1202 4158 1291 4223 amre

192 4235 261 4286 buch
269 4236 480 4287 derklasrircben
488 4239 619 4288 Litemtur
630 4256 656 4303 p.
665 4245 723 4292 248.
763 4242 789 4290 in
800 4237 875 4305 pref.
884 4237 917 4287 ad
929 4234 1068 4286 Phaedrum
1078 4249 1105 4301 p.
1117 4247 1164 4288 xv.

192 4310 264 4361 Edit.
273 4314 298 4361 Ι.
323 4296 421 4363 ἔειπον
431 4312 524 4363 doctor
541 4314 568 4364 ln
579 4312 648 4378 Allp.
660 4316 724 4367 litt.
