3192 4967
503 454 510 479 ‚
553 458 557 465 -
616 436 667 485 nu
691 436 864 497 rumoso.
967 454 973 466 v
1245 422 1291 496 ,83

189 591 285 653 terea
299 580 389 667 quod
401 574 532 650 natione
546 578 631 646 soret
645 580 839 665 Hispanus,
854 584 963 666 patria
978 582 1217 653 Cordubensis.
1244 582 1294 653 at

188 704 258 754 non
273 682 401 748 exemit
415 672 655 761 Quintilianus,
669 685 738 767 qui,
752 704 819 768 quo
835 684 911 749 loco
933 686 975 749 de
995 684 1202 770 pbilosophis
1224 688 1293 770 egit

191 785 331 862 latirus,
347 783 509 849 hisillum
524 784 735 867 potissimum
746 787 1004 868 :annumerarit;
1027 805 1104 853 cum
1119 788 1292 855 interoru-

137 962 139 967 ,
190 895 291 966 tores,-
307 894 340 953 et
353 886 486 972 politas,
503 891 537 951 ct
552 886 638 951 alios
652 886 775 953 diversi
790 886 920 969 generis
933 888 1113 972 scriptores
1128 890 1293 973 potuisset

137 992 141 997 '
190 991 321 1055 referre.
365 987 477 1059 Citius
492 987 635 1053 dixerim
650 988 811 1053 Senecam
823 987 877 1053 vol
898 1007 1017 1072 parum
1030 989 1085 1053 liic
1100 990 1291 1071 attendisse,

131 1159 133 1163 ,
193 1092 276 1175 quid
291 1091 466 1155 scriberet:
488 1090 542 1155 rel
566 1090 667 1166 istud,
682 1098 719 1156 ut
733 1090 812 1169 elia,
834 1090 974 1156 oblitum
999 1092 1147 1174 prorsus,
1166 1094 1293 1158 memo·

190 1195 249 1259 riae
263 1194 347 1259 vitio
361 1210 532 1275 peccasse.
578 1190 669 1255 Nam
691 1192 834 1273 maligne
856 1192 901 1257 eb
917 1210 957 1256 eo
971 1198 1007 1257 et
1020 1193 1132 1258 invide
1146 1194 1293 1277 praeteri-

190 1300 261 1361 tum
275 1284 469 1371 Plhoedrum,
491 1294 590 1376 quasi
613 1312 674 1375 pro
698 1292 803 1358 nihilo
821 1299 965 1377 putaret,
980 1301 1040 1359 aut
1055 1296 1090 1375 in
1103 1294 1228 1361 bonore
1250 1316 1292 1362 ac

191 1397 299 1479 pretio
314 1394 415 1459 nollet
438 1414 525 1472 esse,
551 1414 572 1459 a
596 1394 695 1478 cujus
718 1395 886 1459 munditia
899 1401 933 1461 et
947 1397 1051 1461 nitore
1073 1397 1209 1462 abesset
1222 1405 1292 1461 tam

190 1497 310 1581 procul
320 1517 328 1577 ;
338 1496 487 1569 ‚etsinon
501 1496 644 1561 alienum
659 1496 790 1563 videtur
807 1497 952 1575 crimine,
966 1497 1056 1581 quod
1068 1498 1102 1561 ei
1116 1496 1294 1577 Quintilio·

190 1618 265 1675 nus,
280 1602 313 1661 et
329 1597 523 1676 Suetonius,
532 1617 574 1663 ac
597 1597 738 1664 Tacitus
759 1599 859 1663 etium
882 1598 1041 1681 inferunt3
1061 1599 1161 1665 nolim
1178 1604 1294 1667 tumen

191 1700 301 1778 facile,
317 1720 357 1764 ac
371 1701 462 1765 nulla
475 1702 605 1775 ratione
619 1700 807 1779 manifesta,
822 1702 865 1766 (le
879 1706 975 1771 tanto
988 1702 1063 1766 viro
1077 1700 1178 1767 credi.
1201 1700 1292 1776 Illud

190 1802 415 1880 verisimilius,
430 1803 651 1886 iniquissimis
671 1802 809 1880 Tiberii,
833 1802 1007 1885 Caligulae,
1023 1800 1168 1880 Claudii,
1185 1801 1293 1868 Nero·

191 1903 246 1967 nis
260 1905 476 1991 temporibus,
492 1924 568 1969 cum
581 1906 718 1990 ‘scripta'
730 1892 852 1971 edictis
867 1905 1079 1969 abolerentur
1092 1910 1126 1969 et
1139 1911 1294 1969 senatus-

160 2059 166 2066 .
191 2004 363 2083 consultis,
380 2007 421 2069 ·si
445 2007 501 2092 cui
519 2006 637 2073 Poetae
666 2014 727 2072 aut
750 2008 911 2072 historico
941 2007 1078 2071 verbum
1108 2004 1294 2071 excidisset

191 2109 414 2190 opportunum
429 2107 592 2174 delationi
614 2116 647 2175 et
669 2108 865 2190 calumniae3
888 2117 964 2174 crim
978 2129 1019 2174 nc
1031 2107 1145 2174 liberae
1159 2106 1293 2191 quidem

190 2207 317 2272 relictae
330 2208 569 2289 cogitationem
593 2218 627 2276 et
646 2211 759 2293 opinio
782 2211 887 2275 tacita
909 2210 951 2273 de
976 2210 1138 2293 principe.
1153 2207 1294 2271 sicunde

188 2307 244 2372 vul
267 2328 311 2373 cx
334 2311 430 2373 vultu
451 2308 541 2392 argui
563 2316 690 2393 posset,
712 2310 898 2394 mejestatis
921 2309 1113 2386 rea-'lieret3
1141 2306 1294 2371 libellum
1369 2315 1376 2333 '

188 2406 386 2487 fabularum,
402 2410 504 2494 cujus¹
520 2412 555 2474 in
580 2410 734 2491 apologis
756 2410 926 2489 plerisque
949 2422 1039 2471 mera
1062 2406 1152 2471 illius
1175 2408 1294 2474 saeculi

186 2510 340 2594 tyrannis
367 2512 543 2589 notaretur,
574 2526 790 2591 suppressum
820 2506 924 2571 luisse
938 2508 1121 2586 continuo,
1147 2523 1192 2573 ac
1213 2524 1293 2575 eva»

188 2612 305 2675 nuissc
320 2610 464 2685 tandem,
480 2614 516 2691 et
528 2610 714 2690 ignoratum
732 2626 754 2671 a
766 2608 908 2687 Seneca,
923 2612 956 2672 et
969 2610 1106 2703 reliquae
1116 2610 1293 2694 posterita-

188 2712 234 2777 tis
249 2711 347 2776 oculo
362 2711 576 2799 subductum.
599 2708 652 2773 lta
667 2708 730 2778 luit
742 2714 834 2774 tauto
845 2709 1000 2775 thesauro
1013 2710 1127 2788 fatale,
1138 2716 1293 2795 utusque

190 2812 235 2877 ad
262 2818 395 2877 aetatem
421 2816 566 2876 nostram
592 2810 747 2877 defossus
771 2812 902 2875 lateret:
926 2816 997 2886 aut,
1012 2812 1293 2895 quemadmodum

185 2914 234 2995 ,de
259 2932 297 2979 se
320 2918 438 2978 auctor
454 2914 601 2980 futurum
625 2914 815 2996 praesensit,
826 2918 864 2976 ut
878 2914 911 2975 in
926 2912 1144 2992 sterquilinio,
1159 2910 1210 2975 sic
1223 2918 1294 2976 tan·

193 3034 293 3097 quam
307 3017 485 3103 margarita
499 3014 754 3099 pretiosissima,
765 3014 912 3096 jaceret3
933 3030 1001 3077 non
1014 3011 1179 3097 quianon
1197 3013 1293 3091 intel
1388 3088 1393 3095 ,

189 3118 358 3202 ligeretur,
371 3117 431 3186 sed
445 3116 534 3201 quud
548 3135 589 3181 nc
603 3120 809 3197 compareret
822 3112 965 3197 quidem.

314 3414 417 3485 Olaus
429 3414 620 3516 Borrichius
635 3416 669 3479 in
687 3413 979 3481 Dissertationibus
993 3414 1036 3481 de
1048 3414 1177 3483 Potes.

238 3593 402 3659 Phaedms
413 3592 531 3669 ¹Thrax
546 3604 619 3657 aevo
634 3582 763 3655 Tiberii
777 3590 943 3670 inclaruit,
956 3592 1150 3658 notissimus
1170 3592 1215 3658 ob
1235 3614 1294 3658 ex·
1372 3585 1376 3590 ’

187 3696 336 3782 'quisitos
360 3694 437 3759 illos
450 3694 603 3769 iambos,
631 3693 755 3775 quibus
778 3691 911 3757 fabulas
937 3695 1118 3779 AEsopicas
1138 3686 1292 3777 illigavit,

195 3798 299 3861 libere
319 3797 355 3861 in
371 3812 482 3861 mores
502 3794 620 3859 saeculi
643 3790 709 3870 sui,
724 3793 783 3856 sed
806 3797 891 3857 tecte
905 3795 1070 3861 inuectus.
1115 3795 1219 3859 Hunc
1233 3796 1294 3878 qui

187 3898 272 3979 ‘Oct
294 3897 438 3981 Augusti
453 3897 626 3963 Libertum
641 3894 789 3973 credunt,
814 3915 880 3959 non
902 3896 1073 3961 advertunt
1095 3897 1189 3972 satis,
1206 3901 1294 3986 artes

195 3999 312 4084 SeJ‘ani
333 4001 376 4065 ab
389 4019 439 4065 -eo
462 4005 616 4075 attactas,
634 4014 720 4079 quas
741 3997 856 4080 utique
871 3996 1000 4063 Tiberii
1021 3997 1197 4078 imperium
1212 3998 1294 4081 ape-

195 4102 273 4180 ruit,
288 4122 353 4166 non
369 4098 557 4167 Octaviani.
595 4098 710 4164 Dictio
721 4098 794 4183 ejus
808 4118 895 4181 pura
906 4105 970 4175 est,
982 4103 1016 4161 et
1030 4096 1214 4177 emendata,
1229 4118 1294 4164 nec

190 4202 335 4287 'indigna
350 4223 452 4288 quam
465 4203 631 4269 imitentur
644 4200 783 4285 Linguae
798 4196 927 4263 Latinae
942 4197 1130 4265 candidati.¹
1218 4252 1222 4257 ,

264 4328 352 4437 Delplr.
361 4375 385 4420 rt
401 4368 460 4423 Ver.
471 4369 535 4421 cua
716 4365 814 4415 Plau.
1207 4361 1230 4410 G

664 4568 675 4608 l
