3192 4967
299 417 348 493 ut
445 502 448 511 ¹
607 436 762 487 rumora
787 434 835 483 rr
856 418 1092 485 ιιιιιιιοιιι

301 576 331 598 Ἀ
418 608 431 651 ”
474 574 569 695 idem
584 626 625 693 de
639 592 742 697 variis
758 625 898 711 Linguae
913 571 1047 690 Latinae
1061 563 1228 688 retulimus
1258 581 1262 585 Α
1334 708 1339 717 .

300 822 308 831 -
345 772 523 857 subrogati
545 770 697 837 Atlantes
721 771 790 848 alii,
811 775 846 834 et
868 769 938 853 ipsi
957 768 1062 833 fortas
1087 765 1228 848 fidique,
1243 762 1304 849 qui
1317 761 1404 830 aaa*

301 893 403 967 quam
417 872 559 958 gloriam
569 875 617 939 ita
630 873 831 950 sustinuere,
843 875 881 935 ut
903 871 939 935 ιιι
953 869 1023 934 illis
1036 868 1090 934 vel
1103 866 1196 944 nihil,
1211 866 1267 931 val
1283 871 1403 950 pernar-

261 1068 263 1073 .
300 984 363 1053 aut
375 977 622 1062 peregrinitatis.
644 982 700 1041 aut
713 976 816 1041 invisi
836 974 918 1038 senii
940 974 1163 1037 internoscas:
1184 967 1404 1034 Paterculun

254 1128 258 1133 -
300 1080 455 1163 designo,
471 1078 632 1156 cunum,
648 1076 796 1177 Gelsurn,
812 1073 1005 1180 Phaedrum,
1016 1076 1080 1139 &c

299 1227 303 1233 ’
362 1266 486 1335 naun
500 1265 663 1348 Georgius
678 1260 1009 1328 Μοιιοιιιιιιιιιιω
1023 1256 1066 1323 ue
1080 1256 1204 1322 rauv.
1218 1254 1351 1321 mum
1387 1292 1398 1322 2

841 1360 939 1426 .Ιό8.
996 1390 1001 1402 ι

348 1491 513 1561 Phaedrus
528 1490 672 1577 Augusti
683 1490 738 1556 rel
751 1383 880 1553 Tlillirii
894 1487 1046 1565 libertus
1058 1487 1153 1568 gente
1165 1479 1295 1568 Thrax,
1306 1482 1407 1547 AEso·

201 1668 203 1673 ,
302 1597 341 1683 ιιι
356 1596 506 1663 umarus
521 1594 649 1661 Latinis
660 1590 835 1657 versiculis
843 1589 1020 1673 descripsit
1034 1588 1121 1653 adeo
1133 1586 1252 1653 nitidis
1265 1592 1300 1650 et
1311 1585 1407 1658 lima·

304 1699 361 1776 tis,
375 1704 412 1763 ut
423 1698 470 1762 nil
483 1696 667 1761 Romanius
676 1694 751 1761 dici
765 1693 934 1777 scribique
947 1691 1070 1777 possit.

539 1869 634 1935 Idem
649 1868 856 1953 Polyhistor.
870 1872 958 1951 part.
973 1884 1014 1931 ιι.
1026 1887 1105 1951 pag.
1115 1867 1170 1931 61.

351 1996 413 2063 Ne·
430 1997 564 2062 fabulas
588 1996 727 2080 quidem
746 1996 842 2079 ipsas
862 1995 918 2059 lric
941 1994 1139 2079 excipimus,
1168 1999 1284 2078 estque
1310 2013 1351 2060 eo
1373 1992 1410 2057 ιιι

305 2118 425 2185 gonaro
439 2099 521 2165 nihil
533 2098 671 2164 Phoedri
682 2095 809 2164 fabulis
816 2097 1017 2181 elegantius.

382 2282 405 2348 J
407 2258 511 2349 oaun..
521 2280 613 2346 Patr.
627 2281 737 2348 Titius
752 2280 1008 2348 Manuduotion.
1022 2280 1333 2366 udexcerpendum.

353 2408 438 2473 Esse
454 2426 534 2471 saue
548 2408 685 2471 Phaedri
701 2408 852 2473 Fabulas
865 2409 1007 2475 maximi
1028 2410 1138 2493 pretii,
1152 2409 1208 2475 vel
1232 2430 1278 2473 ex
1298 2430 1340 2473 eo
1360 2408 1412 2502 in-

309 2508 413 2591 telligi
427 2511 554 2589 potest,
570 2507 664 2587 quod
679 2512 749 2569 tam
769 2510 867 2570 multi
887 2512 977 2570 tanti
994 2512 1140 2573 nominis
1160 2512 1224 2574 viri
1248 2512 1412 2577 illustrare

305 2628 376 2676 aas·
387 2605 554 2690 superiori
569 2612 605 2669 et
617 2610 731 2670 nostru
745 2610 846 2671 aetate
862 2605 988 2687 dignati
1000 2613 1087 2671 sunt.

309 2822 316 2861 ς
399 2785 521 2853 christ.
535 2783 770 2869 Wagcnselins
786 2788 824 2853 in
839 2787 927 2853 Pera
938 2788 1099 2860 librorum
1112 2789 1326 2870 Iuvenilium.

305 2942 309 2949 ¹
357 2916 462 2983 Heesr
471 2913 621 2979 nonnihil
641 2914 830 2997 ambiguus,
853 2935 921 2999 quo
943 2916 1090 2982 maxime
1112 2919 1252 3003 antiquo
1272 2921 1332 2986 et'
1321 2940 1414 3004 mge-

307 3040 380 3089 muo
393 3020 485 3083 libro
494 3018 618 3082 Filium
631 3037 771 3101 puerum
786 3009 964 3084 latinitati
977 3019 1151 3084 initiarem.
1184 3019 1337 3105 Cumque
1351 3038 1413 3104 nec

314 3121 473 3190 severitas
487 3100 712 3201 Epistularum
727 3117 986 3195 Ciceronianae
1005 3121 1092 3186 alius
1106 3120 1232 3187 Auctor
1245 3124 1415 3207 prolixus,

314 3222 406 3287 acin
422 3238 531 3285 rerum
545 3220 785 3302 verborumque
811 3222 1062 3304 amplitudinem
1083 3224 1232 3302 diffusus,
1247 3225 1415 3289 videretur

313 3323 443 3390 tantillo
467 3319 582 3405 captui
604 3324 789 3401 convenire,
813 3319 1019 3404 Quintiliani
1042 3324 1184 3402 consilio
1201 3326 1316 3389 locum
1332 3326 1414 3390 dan·

315 3425 395 3491 dum
408 3442 626 3488 essemecum
649 3424 765 3501 statui,
782 3424 842 3508 qui
865 3425 959 3489 aetati
981 3425 1128 3490 nondum
1149 3424 1331 3492 Rhetorem
1357 3447 1414 3493 ca·
1484 3419 1486 3423 ’

315 3526 431 3611 pienti,
453 3524 579 3607 AEsopi
599 3523 753 3603 fabellas
782 3545 936 3591 sermone
962 3546 1057 3612 puro,
1083 3535 1120 3592 et
1141 3529 1224 3593 nihil
1249 3549 1287 3608 se
1311 3548 1416 3613 supra

307 3622 452 3693 modum
466 3630 524 3689 ext
510 3625 656 3703 t,ollente
670 3644 812 3705 narrare,
827 3646 868 3691 ac
890 3628 1132 3693 nutricularum
1144 3627 1270 3695 fabulis
1290 3630 1415 3699 substi-

295 3730 408 3795 ‘tnere
432 3728 564 3793 suadet
616 3724 844 3805 Quamobrem
866 3728 1056 3808 Phaedrum,
1081 3750 1149 3813 quo
1171 3751 1268 3796 nemo
1292 3734 1417 3817 AEsopi

310 3830 492 3917 Apologos
508 3830 615 3911 magis
631 3830 714 3894 scite
738 3831 911 3914 magisque
925 3827 1044 3895 diserte
1061 3832 1213 3898 elocutus
1226 3840 1297 3914 est,
1322 3833 1415 3905 Praer

317 3940 486 4021 'ceptorem
498 3931 567 3997 filio
581 3951 769 4049 exponere
785 3939 820 3998 et
843 3933 1058 4036 elegantiores
1078 3938 1309 4019 expressiones
1328 3937 1415 4004 edis-

309 4026 442 4099 cendas
458 4034 688 4100 committere
674 4034 772 4118 Jussi.
818 4022 925 4108 Simul
954 4031 1167 4101 occasionem
1189 4058 1320 4123 semper
1334 4059 1415 4156 cap·

310 4135 443 4212 tabam,
458 4136 612 4202 monendi
625 4154 776 4223 puerum,
793 4119 875 4219 quid
887 4135 1038 4219 AEsopus
1051 4159 1113 4221 per
1130 4139 1268 4203 fabellas
1273 4140 1415 4224 quaesi·

318 4236 415 4316 verit,
445 4241 488 4301 οι
506 4243 663 4323 quantum
691 4238 734 4303 ad
760 4256 888 4305 errores
910 4235 1104 4308 mortalium
1130 4240 1338 4325 corrigendos
1362 4257 1414 4310 eat
