3192 4967
269 402 290 471 8
719 418 927 469 nonnemo.
1045 494 1049 501 t

260 552 446 648 quicquam
461 562 496 627 in
507 567 602 628 textu
611 561 791 627 Burmanni
805 563 931 626 mauri
942 562 1013 626 siue
1024 556 1207 628 rationibus
1215 562 1360 646 idoneie;

262 667 313 731 nil
328 667 399 729 sine
413 664 608 747 auctoritate
621 664 776 729 librorum
792 665 1008 748 scriptorum3
1027 665 1075 728 nil
1089 664 1232 747 denique
1245 686 1265 729 e
1279 685 1360 731 con-

263 767 410 851 jectura,
433 766 498 830 nisi
521 767 578 829 ubi
605 764 711 830 Godd.
741 766 827 829 Mes.
844 767 944 848 plane
966 772 1076 829 esseut
1098 767 1240 847 corrupti
1261 774 1361 849 atque

266 869 469 951 interpolati.
513 867 792 931 Innumerabilem
813 886 854 930 ac
875 884 973 949 paeue
991 866 1216 931 incredibilem
1231 868 1360 951 conjec-¹

267 973 412 1033 turanum
427 968 667 1033 multitudinem
682 968 778 1034 novis
795 987 916 1049 augere
931 986 998 1032 nou
1013 986 1117 1033 ansus
1132 988 1215 1046 eum,
1229 968 1291 1033 etei
1306 970 1360 1034 vel

263 1068 329 1133 boo
357 1070 391 1133 in
416 1089 531 1152 genere
552 1070 792 1154 qualecumque
814 1070 996 1153 periculum
1017 1070 1127 1134 facere
1146 1076 1307 1153 poteram,
1329 1070 1360 1133 si

266 1170 471 1252 quorundam
493 1169 690 1237 criticorum
719 1173 895 1237 audaciam
919 1172 1040 1236 imitari
1063 1172 1225 1235 libuisset.
1270 1169 1360 1235 Nam

248 1277 361 1355 puto,-
383 1277 462 1354 post
485 1275 536 1336 tot
559 1273 704 1337 virorum
718 1271 892 1337 doctorum
907 1292 1023 1349 ausus,
1045 1274 1081 1337 in
1094 1279 1188 1337 tanta
1201 1273 1360 1336 librorum

262 1373 464 1455 vscriptorum
489 1372 616 1455 iuopia,
638 1373 740 1437 bodie
770 1374 1015 1439 innovationem
1044 1393 1174 1437 omnem
1203 1375 1238 1437 iu
1263 1378 1360 1437 textu

261 1472 401 1538 Phaedri
416 1492 435 1536 e
450 1474 651 1557 conjectura,
677 1475 819 1558 periculi
841 1482 875 1540 et
893 1476 1110 1541 dubitationis
1123 1473 1244 1539 habere
1257 1473 1360 1557 pluri·

263 1594 364 1651 mum,
386 1573 452 1639 nisi
475 1576 536 1637 lux
562 1574 717 1641 afferatur
745 1578 944 1662 conjecturis
965 1598 984 1642 e
1007 1577 1192 1642 Codicibus
1220 1575 1308 1641 Mes.
1336 1592 1360 1637 a

262 1674 345 1740 uiris
360 1674 469 1739 doctis
483 1677 629 1741 nondum
646 1679 790 1758 collatis,
814 1680 874 1745 sed
892 1680 1070 1763 aliquando
1093 1680 1128 1743 iu
1150 1681 1260 1743 lucem
1283 1696 1359 1761 pro·

260 1774 425 1857 ferendis3
443 1776 479 1840 id
491 1778 580 1861 quod
594 1797 682 1845 nuno
698 1800 829 1863 sperare
842 1781 903 1845 rix
918 1782 1036 1845 ausim.
1080 1780 1182 1859 Quod
1197 1779 1359 1862 reliquum

128 1930 132 1937 .
262 1882 324 1955 est,
346 1878 495 1943 fabulam
518 1882 603 1945 aliae
628 1882 683 1946 25.
708 1882 802 1947 Libri
817 1898 868 1945 lv.
891 1902 968 1947 cum
982 1882 1148 1947 Brotierio
1172 1886 1212 1946 et
1232 1882 1363 1964 Bipou·

262 1977 342 2041 tiuis
357 1978 531 2063 Epilogum
552 1981 621 2046 fieri
640 1982 728 2066 jussi
743 1983 837 2047 Libri
853 1998 909 2047 ιιι.
927 1982 1023 2066 cujus
1038 1981 1184 2064 Prologo
1197 1980 1242 2046 ad
1255 1981 1359 2063 Euty·

261 2077 357 2142 'chum
383 2082 506 2163 optime
532 2058 729 2168 respdndet;
752 2085 953 2168 pariterque,
968 2102 1010 2147 ne
1026 2083 1118 2150 Libri
1134 2100 1168 2147 v.
1190 2072 1359 2164 Prologus

260 2184 346 2243 esset
360 2181 497 2265 duplex,
514 2183 608 2249 Libri
624 2202 673 2249 ru.
688 2185 811 2261 nullae,
834 2184 923 2248 illiue
940 2185 1115 2268 prologum
1127 2184 1269 2267 priorem
1282 2183 1359 2247 buia

261 2281 391 2346 reddidi
418 2303 585 2367 suumque
611 2286 803 2370 Epilognm,
837 2286 896 2369 qni
930 2286 1023 2350 Libri
1050 2303 1083 2350 v.
1106 2284 1190 2348 Fab.
1213 2284 1246 2348 6.
1272 2289 1306 2352 et
1326 2282 1358 2346 6.

259 2384 360 2466 vulgo
374 2384 586 2469 interpositae
598 2390 725 2467 legitur.
768 2388 1098 2471 SioquldemL·1V.
1120 2393 1226 2452 totum
1249 2386 1359 2451 Parti·

259 2484 382 2561 onloni,
398 2484 535 2549 Librum
551 2502 584 2547 v.
616 2483 750 2548 Phileto
766 2502 898 2548 sacrum
912 2507 994 2548 cese
1006 2482 1120 2551 volui.f
1159 2484 1228 2549 Sed
1243 2485 1359 2550 fabula

259 2573 430 2649 ariasto.
453 2585 548 2650 Libri
575 2601 632 2651 111.
655 2604 722 2651 non
748 2585 819 2649 sine
847 2584 976 2651 ratione
1000 2583 1092 2649 facta
1112 2590 1165 2649 eet
1187 2585 1281 2651 Libri
1307 2603 1358 2649 ιν.

257 2685 377 2767 prima.

306 2785 309 2792 ·
401 2784 424 2829 a
553 2785 575 2829 e
705 2784 727 2829 a
857 2784 887 2831 a,
1008 2785 1030 2829 e
1160 2786 1182 2830 a

258 2917 264 2927 ·
302 2884 393 2952 Huic
419 2887 568 2953 Editioni
593 2886 727 2971 praefixi
751 2882 858 2949 Vitam
875 2883 1006 2951 Pliadri
1027 2907 1065 2951 ec
1080 2884 1226 2951 Pladro.
1272 2887 1357 2953 Com

256 2987 342 3061 onim
357 2991 479 3067 omnia,
504 3009 580 3073 quae
596 2991 761 3073 pertinent
785 2989 829 3055 ad
854 2990 1014 3055 vitamet
1038 2989 1109 3054 fata
1137 2988 1285 3069 Phaedri,
1307 2991 1358 3055 la·

191 3100 194 3105 ’
255 3094 348 3153 teant
362 3092 488 3155 crassis
502 3092 670 3155 occultata
683 3096 717 3153 et
731 3090 935 3155 circumfusa
950 3090 1093 3154 tenebris
1105 3109 1114 3172 ;
1129 3090 1215 3173 ipsae
1229 3089 1355 3163 fabulae

255 3189 375 3255 unicus
388 3191 462 3255 fons
476 3190 632 3274 putandae
659 3197 747 3268 sunt,
770 3210 816 3254 ex
840 3210 908 3273 quo
931 3193 1037 3257 vitam
1060 3194 1133 3277 ejus
1150 3190 1356 3258 hauriamus.

246 3290 298 3375 ‘In
327 3308 368 3353 ea
397 3294 508 3356 autem
536 3291 780 3357 conscribenda
805 3310 848 3355 ea
870 3294 1081 3375 potissimum
1109 3293 1246 3357 utilitati
1274 3293 1357 3358 mibi

253 3391 394 3469 fuerumt,
428 3411 505 3474 quae
536 3392 734 3469 Scbefferus,
768 3392 949 3473 Funccius,
981 3394 1171 3473 Fabricius,
1202 3391 1356 3474 Crueiue,

254 3489 389 3579 Aegira,
402 3493 626 3557 Deebillouius
640 3494 683 3558 de
696 3493 799 3577 poe'ta
813 3501 926 3560 nostro
941 3496 1109 3561 memoriae
1123 3495 1354 3580 prodiderunt,

252 3594 301 3667 ita
315 3598 354 3659 ut
367 3594 494 3679 placita
507 3614 622 3660 eorum
638 3598 699 3661 sub
710 3616 852 3661 examen
863 3617 1031 3674 vocarem,
1040 3614 1212 3679 novaeque
1225 3592 1356 3681 passim

253 3694 466 3779 conjecturas
480 3714 709 3779 proponerem,
731 3697 839 3763 fultus
853 3699 1068 3781 argumentis,
1089 3704 1129 3763 ut
1142 3716 1206 3780 ego
1222 3700 1353 3783 quidem

254 3797 406 3876 arbitror,
427 3816 494 3863 non
509 3798 641 3881 ineptis.

398 3898 420 3945 a
549 3895 571 3938 r
700 3897 722 3942 a
851 3900 874 3944 a
1002 3900 1025 3944 a
1156 3898 1178 3943 a

746 4033 854 4085 Norlss

392 4138 404 4175 s
417 4139 458 4195 Cf.
475 4142 674 4209 Bipontinorum
691 4144 755 4197 Not.
766 4145 837 4198 liter.
855 4144 889 4197 de
900 4145 1011 4198 Phadro
1023 4160 1050 4213 p.
1061 4156 1164 4198 xxxur.
1176 4156 1219 4211 eq
