3192 4967
301 421 368 489 eet
516 435 667 490 cunuti
691 432 1180 487 rauucrnuunsorrrnuu

191 590 199 609 ⁸
304 580 500 646 Furfuribus
514 581 580 645 sibi
595 594 811 665 conspersum
822 577 919 663 quod
935 586 1056 661 panem
1070 576 1201 653 darent,

304 683 467 766 Fimoque
481 682 570 767 turpi
583 682 764 747 maximam
776 682 953 765 explorent
966 680 1098 744 famem.

302 782 451 848 Profecti
465 788 542 847 suut
552 783 656 864 legati
670 802 739 849 non
750 782 852 847 celeri
865 781 962 865 pede,

303 884 394 949 Dum
407 884 542 949 naribus
557 889 747 947 scrutantur
760 901 873 950 escam
885 882 920 945 in
934 886 1087 945 stercore.

304 985 409 1050 Citati
422 1004 487 1050 uon
500 983 710 1067 respondent.
754 982 827 1047 Vix
840 980 972 1047 tandem
986 981 1109 1045 invenit

304 1085 376 1150 Eos
391 1085 592 1163 Mercurius
606 1088 642 1149 et
654 1084 811 1157 turbatos
826 1080 971 1149 attrahit.

303 1186 390 1253 Tum
404 1206 481 1253 vero
495 1187 624 1251 vultum
638 1188 748 1268 magni
762 1191 801 1250 ut
815 1185 964 1250 viderunt
977 1182 1000 1248 J
1001 1182 1088 1261 ovis,

304 1288 424 1354 Totam
438 1288 593 1352 timentes
607 1292 830 1352 concacarunt
844 1286 980 1368 regiam.

306 1388 467 1475 Propulsi
482 1406 563 1452 vero
576 1386 733 1465 fustibus,
747 1387 875 1451 vadunt
889 1386 1012 1451 forasz·

305 1490 409 1556 Vetat
421 1490 542 1554 dimitti
556 1508 696 1572 magnus
709 1490 785 1553 illos
798 1488 944 1573 Jupiter.

306 1590 434 1669 Mirati,
448 1591 512 1655 sibi
526 1590 654 1673 legatos
667 1610 734 1655 non
747 1591 911 1666 revertier,

305 1692 420 1775 Turpe
434 1691 639 1757 aestimantes
654 1692 783 1777 aliquid
797 1688 1144 1764 commissumasuis‚
1360 1686 1405 1752 15

307 1792 393 1859 Post
406 1791 543 1876 aliquod
556 1799 689 1877 tempus
703 1792 789 1857 alios
804 1792 925 1857 ascribi
936 1792 1069 1875 jubent.

307 1972 421 2023 eutimert
437 1971 637 2032 melicratum
654 1976 756 2020 stercore
768 1970 843 2030 fredo.
876 1968 964 2032 Legati
981 1968 1089 2018 obierunt
1107 1968 1186 2029 gradu
1196 1982 1242 2015 nor
1253 1966 1333 2026 tinto,
1348 1966 1404 2014 dum

306 2037 423 2098 indagat
432 2036 528 2085 saihs
538 2036 614 2085 eibum
623 2035 722 2100 infimo.
755 2036 811 2083 Non
821 2040 904 2097 pareret
915 2034 1001 2096 coemi,
1016 2039 1044 2082 et
1055 2032 1098 2080 uic
1109 2032 1246 2080 Mercurius
1253 2030 1305 2077 illos
1315 2029 1404 2091 reperit

253 2130 256 2135 ·
308 2106 332 2150 et
342 2100 561 2163 eddedttnpidoe.
596 2100 630 2147 Ut
640 2105 718 2147 emera
725 2112 837 2161 arpenne
842 2098 932 2158 seriem
942 2096 1026 2147 summi
1036 2096 1115 2153 doris,
1131 2096 1214 2157 paridi
1223 2097 1404 2155 conspurcarunt

307 2164 414 2213 corditer
422 2169 497 2214 totum
506 2163 635 2226 mutiam:
650 2162 719 2223 eiecti
728 2161 903 2223 committe,
914 2176 940 2209 re
948 2158 1166 2224 proripiurtsorue.
1196 2158 1299 2219 Megara
1308 2156 1404 2220 Jupiter

305 2228 415 2292 probibet
428 2229 481 2277 ilice
491 2225 591 2289 remitti.
625 2226 752 2289 Stapestee
766 2228 828 2289 qaod
842 2227 916 2289 legati
926 2239 972 2273 roa
988 2226 1102 2283 redirent,
1118 2222 1167 2271 ruti
1178 2227 1247 2285 turpe
1255 2222 1313 2285 quid
1325 2234 1407 2283 pecco·

309 2298 359 2342 turre
368 2293 398 2342 eb
405 2294 465 2355 eale,
480 2291 598 2355 meant
604 2290 710 2353 delegari
723 2290 782 2340 ulier
794 2294 848 2354 poet
858 2289 952 2353 aliquod
961 2292 1061 2351 tempta.
1095 2286 1204 2336 Interim
1218 2286 1288 2346 sumn
1297 2286 1403 2347 morit

756 2412 936 2435 “monebu

310 2498 376 2549 actia
386 2498 524 2548 convenire
535 2496 670 2547 contendit
687 2498 861 2560 Burmannus,
878 2498 943 2547 licet
962 2495 1106 2547 emendatio
1123 2496 1157 2545 sit
1174 2492 1261 2546 facilis
1276 2508 1309 2543 ex
1319 2491 1406 2546 aaut

309 2561 395 2612 iecere
405 2577 431 2611 ee
441 2560 492 2610 eub.
524 2558 657 2612 Scbeffero
668 2561 795 2624 placebat,
814 2561 932 2609 bominem
948 2577 961 2610 e
971 2560 1125 2622 ermameliic,
1135 2559 1203 2625 quod
1211 2558 1330 2607 usitatius
1349 2572 1405 2607 esee

310 2625 384 2686 dicit,
402 2630 430 2674 ut
449 2624 542 2674 Cicero
559 2622 625 2674 dixit
644 2626 827 2688 ‘ecomplexu
849 2631 985 2688 pareutum
1003 2625 1124 2688 abreptos
1143 2622 1226 2673 tilios?
1264 2622 1314 2671 Sed
1332 2634 1405 2685 eque

310 2697 382 2740 recte
390 2688 443 2738 dici
453 2694 540 2751 potest
550 2688 655 2751 abripere
665 2687 820 2752 crammeliie,
832 2688 1046 2753 quemadmodum
1057 2690 1162 2737 Sueten.
1174 2686 1243 2749 Aug.
1255 2690 1295 2736 1⁷.
1312 2685 1405 2736 ‘aimu-

310 2754 381 2803 lacto
391 2754 428 2803 1).
436 2751 501 2804 Julii
509 2751 647 2815 abreptum
658 2752 807 2801 interemit.'
824 2752 944 2801 Maittar.
965 2751 1050 2813 dedit,
1065 2757 1090 2801 ut
1102 2767 1150 2801 rete
1159 2751 1293 2813 eripereat3
1308 2746 1404 2797 Danet.

309 2818 347 2867 etti
362 2832 388 2867 ee
403 2816 594 2879 diriperent—4
612 2815 703 2865 Heius.
721 2816 852 2876 confertum
868 2816 964 2879 quie-8
982 2816 1070 2865 Helua.
1093 2816 1189 2877 citatis,
1203 2813 1273 2863 nullo
1289 2826 1406 2862 censu.—

309 2882 435 2932 tilieine.
456 2881 537 2937 iteret
562 2877 608 2929 ted
627 2879 763 2930 admodum
782 2879 921 2942 improprie
940 2880 976 2927 rei
994 2879 1168 2928 dicuuturbic
1186 2876 1274 2939 legati.
1306 2874 1407 2937 Malim,

310 2948 360 2996 Ere
371 2945 586 3007 Mereauieqeedt.
597 2960 620 2994 e.
632 2951 661 2994 ut
669 2959 729 2994 mox
740 2958 778 3011 re.
789 2948 829 2994 lt).
838 2944 906 2992 etde
915 2943 1083 3005 elegantium
1092 2944 1136 2991 τοῦ
1144 2942 1184 2991 red
1194 2941 1244 2989 vid.
1252 2939 1284 2988 ad
1296 2940 1405 2988 Patron.

311 3024 335 3060 c.
347 3013 402 3059 128.
420 3010 570 3058 Bam-12
582 3008 673 3057 Heius.
685 3007 798 3071 Propalai
808 3012 834 3057 at
845 3022 907 3057 cero.
939 3007 1043 3070 ilarius,
1053 3007 1115 3072 quia
1125 3020 1178 3055 aere
1189 3004 1263 3053 modo
1272 3002 1408 3067 processit,

311 3072 423 3135 eropum
432 3087 461 3121 ae
470 3072 518 3119 ciat
530 3070 636 3130 semibus
643 3086 653 3127 ,·
677 3072 723 3119 aed
734 3081 852 3136 quaenam
871 3071 926 3121 brec
944 3071 1066 3120 sermonis
1076 3070 1229 3121 scabritiae?
1245 3074 1317 3116 certe
1328 3066 1408 3115 debu·

310 3137 375 3186 ittet
389 3136 524 3202 dicerene
538 3135 751 3244 propellerentur..
767 3137 856 3186 Quare
868 3135 889 3185 si
899 3135 1014 3198 quedam
1025 3133 1215 3194 interciderint,
1226 3137 1255 3181 ut
1270 3130 1318 3179 viri
1334 3130 1407 3191 doqti

310 3199 481 3261 inimicantur,
491 3212 543 3246 nou
559 3212 574 3245 o
596 3197 692 3246 endere
703 3198 801 3259 poterit
819 3199 933 3262 repetita
950 3200 1111 3255 voculacero,
1123 3198 1321 3261 praecipuecum
1332 3207 1408 3252 uersu

312 3262 404 3311 eodem
419 3262 501 3322 magri
518 3260 636 3324 epitheto
655 3268 761 3310 ornetur
775 3262 891 3325 Jupiter,
908 3268 936 3310 et
947 3277 985 3311 vs.
1003 3267 1043 3311 13.
1063 3262 1173 3320 iterum3
1190 3261 1232 3309 vel
1244 3260 1265 3307 si
1277 3257 1408 3308 audaciori

312 3338 370 3375 esse
380 3324 482 3386 liceret,
492 3330 521 3373 et
539 3324 667 3386 conjicere
686 3323 751 3373 illud
765 3339 820 3373 cero
832 3326 1010 3387 ¹depravatum
1022 3340 1076 3387 esse
1092 3341 1123 3374 ex
1133 3339 1199 3385 ergo,
1209 3325 1331 3385 legerem,
1341 3323 1407 3383 Ergo

308 3388 534 3453 propateifaetibaa.
548 3386 638 3438 Burin.
673 3388 705 3437 In
717 3389 872 3456 'repetitione
883 3389 1018 3452 particula
1038 3405 1102 3452 uero,
1113 3404 1171 3453 quae
1182 3387 1316 3436 nonnullos
1328 3384 1406 3433 olien-

312 3452 360 3513 dit,
378 3465 429 3500 non
466 3452 587 3501 naerenda
608 3460 650 3501 est
666 3451 735 3501 ratio
756 3452 919 3502 emendandi.
936 3452 996 3501 Vid.
1008 3453 1042 3502 V.
1055 3455 1083 3503 1.
1106 3451 1246 3503 adiib.1v.
1266 3449 1317 3499 sab.
1331 3455 1356 3497 5.
1366 3453 1407 3499 tr.

312 3514 423 3631 {azam
475 3550 482 3563 .
504 3530 527 3565 r.
545 3520 572 3563 ret
595 3514 778 3578 f.]-cudrmt.
802 3517 929 3581 Cuniugb.
952 3521 1026 3567 ruunt
1045 3516 1123 3577 forae.
1167 3516 1211 3564 lta
1237 3514 1354 3563 invenias
1380 3512 1408 3561 in

355 3580 383 3629 it.
392 3577 484 3629 Didot.
500 3586 656 3642 stereotype.
679 3580 755 3629 Both.
766 3580 867 3631 madeat
879 3582 969 3639 s.-14
985 3580 1049 3631 Tell.
1060 3580 1101 3644 [et
1111 3578 1200 3641 Bctb.]
1217 3578 1306 3627 Mirati
1316 3576 1360 3637 itti,
1370 3589 1405 3625 ec.

312 3647 463 3694 cauea-15
478 3643 565 3710 Beati.
587 3644 675 3692 mallet
692 3649 855 3703 mamertem
880 3640 997 3709 [Accipit
1012 3644 1090 3694 Both.
1102 3650 1130 3693 et
1141 3642 1249 3706 Antan]
1273 3640 1318 3690 sed
1329 3640 1408 3689 docet

312 3706 484 3785 burmannus,
494 3705 569 3781 liujus
589 3706 732 3779 uerbi-vim
750 3722 816 3785 esee,
836 3723 888 3757 non
908 3707 992 3757 animo
1012 3708 1087 3757 modo
1106 3701 1406 3781 putare,arbitrari,sed

312 3768 1408 3907 tl?titt.tl‘..5tttttt.tttttttft.t“stitit...lituttulit}

310 3899 405 3949 Sanad.
419 3899 576 3959 attimacum,
596 3896 649 3965 fide
668 3898 803 3960 Brotierii3
829 3898 955 3962 cuningb.
973 3898 1049 3961 lbrpe
1064 3899 1120 3962 qaid
1139 3898 1301 3958 existimantes
1318 3911 1340 3945 e.
1359 3909 1407 3943 ue.

313 3962 365 4012 Sed
376 3963 412 4011 nil
429 3963 587 4022 mutandum,
602 3974 661 4009 cum
675 3962 792 4010 animare
811 3962 859 4011 boc
870 3977 946 4011 sensu
965 3962 1058 4011 Latine
1069 3962 1121 4012 dici
1133 3962 1223 4025 possit.
1249 3960 1309 4007 Vid.
1320 3958 1354 4007 ad
1362 3952 1408 4005 lib.

312 4039 355 4076 ur.
374 4025 428 4076 fab.
446 4030 470 4076 t.
490 4033 516 4076 t.
548 4025 653 4088 Gnyeto
669 4024 714 4074 iric
733 4039 823 4075 tereus
842 4025 975 4077 addititius
995 4026 1169 4078 videtur-16
1186 4022 1258 4089 [Vid.
1272 4020 1407 4072 Burmde

803 4172 910 4226 Nol'AE

322 4281 327 4288 ·
353 4272 385 4317 lt
402 4269 591 4336 Ncrrecertt'er]
607 4272 669 4338 Pro,
679 4288 730 4323 non
742 4273 846 4323 reverti.
880 4273 939 4325 Hac
950 4270 1039 4329 Poiitis
1050 4271 1175 4323 familiare
1187 4274 1214 4321 et
1223 4267 1356 4319 usitatum.
