3192 4967
287 414 333 487 id
504 434 656 484 ananus
680 392 919 483 rsauusn'usr
942 432 1171 484 nsorrnnrm

289 578 435 658 Quanta:
449 579 574 661 putatis
590 596 665 642 esse
679 597 743 642 vos
759 577 949 653 dementiae,

290 680 361 760 Qui
377 682 492 763 capita
507 686 696 743 vestr-anon
711 678 870 742 dubitetis
886 677 1029 755 credere,

289 780 355 847 cui
369 782 572 847 calceandos
587 801 683 845 nemo
697 782 866 845 commisit
880 780 1011 864 pedesl

331 884 411 950 Hoc
425 886 585 967 pertinere
600 903 680 947 vere
693 884 738 947 ad
751 884 831 947 illos
846 882 1002 960 dixerim,

210 1032 215 1037 1
289 984 441 1065 Quorum
456 986 602 1049 stultitia
613 990 764 1067 quaestus
779 984 997 1067 impudeniim
1010 988 1070 1048 est,

289 1210 325 1261 :ic
334 1210 463 1273 maslot:
481 1210 585 1266 Qsontoe
595 1210 739 1260 existimatis
747 1226 789 1259 eos
798 1225 847 1259 esse
856 1210 970 1259 sattittoe
987 1211 1027 1273 qni
1037 1224 1082 1259 aon
1092 1209 1182 1269 timetis¹
1191 1208 1334 1259 mma-’time
1350 1207 1388 1257 illi

288 1276 483 1337 munirem,
493 1276 532 1323 cei
541 1277 620 1324 nullst
634 1275 735 1324 credidit
749 1277 820 1338 pedes
834 1276 917 1323 caum
927 1273 1075 1325 induendos?
1090 1273 1264 1340 Affirmcoerim
1278 1288 1332 1325 cete
1345 1273 1387 1322 doc

287 1343 392 1404 metare
401 1340 456 1388 illos
463 1354 561 1403 pamm
570 1341 669 1388 andacia
674 1336 739 1400 sccii
748 1355 799 1388 rem
809 1355 840 1388 ee·
844 1338 963 1399 fatuitate
973 1338 1152 1389 multitudiuis.

288 1612 405 1675 wolfius,
415 1615 507 1677 procul
525 1615 605 1666 dnbio
615 1630 703 1679 regem
719 1616 790 1678 prius
798 1617 915 1679 coegisse
930 1616 1014 1679 ipsun:
1024 1620 1137 1665 sutorem
1149 1610 1251 1675 publice
1262 1608 1390 1674 confiteri,

288 1690 348 1742 qnae
363 1678 483 1743 privatim
491 1681 550 1743 regi
562 1678 647 1729 fueret
658 1680 802 1744 ooafemaa,
821 1683 863 1737 vel
882 1683 965 1744 ipsum
977 1694 1008 1728 ea
1022 1678 1140 1740 concioni
1151 1675 1318 1740 exposuisse:
1336 1688 1388 1729 non

288 1748 365 1791 extra
375 1743 431 1818 yeri
448 1740 570 1820 speciem',
578 1745 714 1807 judicante
728 1747 894 1805 Burmauno;
918 1760 967 1794 non
979 1745 1046 1792 enim
1058 1744 1196 1792 Phaedrum
1207 1742 1290 1816 solere
1302 1739 1388 1815 omnin

288 1810 720 1936 {tntl’t‘tttttttttttttt
732 1804 1388 1937 tttnnttfflttlt‘ttttttttttttntttt

288 1934 422 1996 paulisper
432 1936 580 1985 claudicare
590 1938 701 1987 videtur.
734 1936 796 1987 Alia
808 1954 849 1987 res
859 1946 936 1996 esset,
947 1938 967 1985 si
979 1934 1104 1985 Phaedrus
1116 1934 1239 1983 dixisset:
1257 1932 1388 1982 concione

288 1998 416 2048 advocata
427 2001 574 2050 combibere
582 2002 660 2062 jussit
671 2004 754 2065 ipsum
764 2009 817 2051 cet.
836 2004 892 2051 Rex
904 2004 961 2049 lraec
974 2000 1082 2049 addidit.
1116 1998 1291 2049 Desbillonius
1303 1994 1389 2058 paruit

287 2062 393 2112 lectioni
413 2066 535 2126 vulgatus,
555 2066 721 2115 addidit-1⁵
749 2066 884 2115 Dstitstts.
914 2066 1037 2113 Heinsius
1059 2064 1173 2113 dedistis
1194 2077 1208 2109 e
1229 2062 1390 2123 conjectare,

288 2125 357 2190 quod
368 2141 418 2175 non
430 2129 726 2192 compescendum—ld
745 2132 877 2179 Commisit.
894 2131 954 2179 'Sic
973 2131 1050 2192 vulgo
1069 2129 1166 2192 legitur
1185 2140 1218 2174 ex
1236 2126 1300 2174 Cod.
1316 2122 1388 2172 Pitlr.

287 2197 376 2250 tecte3
394 2200 478 2241 metro
494 2194 522 2241 id
534 2196 688 2256 postulante.
720 2196 851 2244 Meursius
865 2202 893 2243 et
906 2194 988 2243 Faber
999 2195 1105 2244 mellent
1116 2191 1250 2249 commissit,
1260 2188 1328 2253 quod
1341 2200 1389 2250 per

256 2275 259 2279 ·
288 2255 458 2305 archaismum
478 2264 518 2306 est
535 2272 583 2320 pro
602 2260 753 2317 commiserit,
770 2267 800 2308 ut
818 2259 951 2322 pigressit,
968 2272 1016 2322 pro
1032 2256 1182 2320 pugnaverit.
1215 2254 1246 2302 In
1268 2252 1389 2301 Editione
1435 2269 1437 2275 ¹

286 2317 384 2367 Pitbosi
396 2328 423 2369 et
435 2322 559 2370 liitterslr.
572 2330 612 2371 est
622 2324 778 2372 commiserit:
794 2324 840 2373 sed
851 2324 1010 2373 Freiusbenr.
1026 2320 1122 2372 scueff.
1134 2320 1176 2369 alii
1196 2325 1268 2367 recte
1279 2316 1389 2379 probant

288 2383 417 2445 vulgatum
429 2387 554 2447 commisit,
566 2394 595 2435 ut
610 2401 698 2436 seusus
711 2388 760 2437 sit:
778 2402 825 2437 vos
843 2402 912 2441 nunc
923 2388 947 2435 ei
962 2386 1124 2437 committitis
1135 2384 1221 2445 capita
1232 2388 1329 2443 vestre,
1345 2380 1388 2429 cni

287 2459 362 2495 nemo
373 2450 482 2497 antebac
494 2453 620 2499 commisit
631 2452 722 2513 pedes,
732 2466 787 2513 seu,
801 2460 830 2501 ut
841 2454 878 2501 ait
896 2452 1011 2501 Gronov.
1030 2450 1113 2499 voluit
1129 2450 1216 2498 locere
1233 2447 1334 2494 calceos
1351 2442 1389 2491 fa·

287 2510 401 2559 ciendos.
412 2513 504 2565 Heius.
515 2516 622 2577 conjicit
633 2515 838 2563 committat—17
857 2518 911 2565 Hoc
921 2517 1039 2577 pertimere
1049 2529 1110 2579 pere,
1142 2514 1185 2561 Sic
1196 2511 1273 2571 vulgo
1285 2508 1389 2572 legitur.

287 2574 464 2639 Burmannus,
471 2580 512 2627 cui
525 2579 619 2627 vocalis
627 2578 749 2640 repetitio
760 2578 863 2639 ingrata
874 2578 1021 2638 videbatur,
1036 2567 1135 2625 ecidit:
1162 2574 1216 2621 Hoc
1222 2574 1342 2635 pertinere
1358 2574 1389 2621 cd
1441 2636 1444 2641 ἡ

285 2638 402 2689 Quen:
417 2643 528 2703 dixerim,
538 2650 568 2690 ut
587 2657 642 2690 uere
658 2656 717 2689 cam
735 2644 769 2701 rii
786 2643 891 2689 dixerim
908 2626 1091 2704 conjungenti.
1125 2638 1174 2685 Cui
1185 2638 1304 2684 nonnulli
1315 2636 1389 2685 obse·

286 2710 400 2765 quuntur
409 2720 416 2765 3
429 2708 474 2754 sed
486 2707 586 2754 retineo
596 2706 726 2768 irrigatum
737 2720 796 2753 cum
806 2706 959 2754 Lalleutant.
968 2704 1082 2752 Brotier.
1092 2700 1249 2765 Bipontinis,
1259 2701 1391 2750 Desbillo—

307 2766 313 2777 .
340 2783 347 2795 ι
541 2770 547 2781 .
1070 2769 1078 2796 ι
1210 2766 1215 2778 .
1253 2764 1259 2775 .

286 2780 348 2879 lt:
364 2765 1390 2895 :¹:32¹iti:titillent“qli'dttul·:iltuittttttttttttt

286 2894 464 2945 dixerim-18
480 2897 513 2944 In
531 2896 595 2945 Mss.
614 2896 686 2944 Pitb.
706 2896 779 2944 Rem.
797 2902 826 2945 et
844 2905 896 2947 vet.
919 2896 989 2945 Edit.
1007 2896 1050 2944 bic
1070 2908 1158 2945 versus
1177 2894 1212 2942 its
1233 2892 1387 2941 exhibetur:

288 2958 396 3013 Quorum
404 2961 516 3009 suntme
532 2965 634 3024 quaestm
651 2962 797 3024 impudentia
814 2966 857 3009 est.
892 2960 951 3010 Hoc
969 2966 1082 3011 testatur
1093 2959 1205 3008 Brotier.
1238 2957 1276 3006 At
1287 2954 1389 3007 Gudins

286 3022 314 3072 in
333 3024 385 3074 Ma.
403 3026 468 3074 Cod.
487 3026 529 3088 qsri
547 3040 598 3074 noa
616 3026 680 3073 alius
700 3033 742 3075 est
758 3040 834 3089 quarn
854 3024 960 3084 Pithoei,
979 3026 1016 3074 ait
1035 3040 1062 3074 se
1077 3024 1204 3088 reperisse
1223 3021 1389 3085 imprudentis,

306 3102 364 3135 uam
377 3089 515 3137 lectionem
527 3097 617 3137 tuetur
628 3104 642 3137 e
654 3106 692 3139 vs.
703 3094 744 3155 ll.
760 3090 837 3153 bajus
849 3089 956 3151 fabule,
974 3090 1003 3139 it.
1021 3088 1091 3138 elib.
1102 3102 1133 3138 11.
1150 3086 1203 3135 tab.
1216 3092 1239 3135 3.
1251 3092 1276 3135 6.
1295 3085 1338 3135 lib.
1347 3098 1388 3135 tv·

315 3151 342 3199 b.
353 3158 378 3199 ὁ.
390 3155 430 3200 ts.
463 3152 506 3201 Aa
516 3151 585 3201 forte
596 3154 722 3203 alterutra
732 3155 811 3203 lectio
822 3164 862 3203 est
871 3170 886 3205 e
896 3169 972 3203 manu
981 3154 1113 3203 secitudn?
1130 3153 1275 3201 Neveletus
1286 3150 1386 3199 edidit:

286 3214 394 3269 (ΝΜ
409 3217 519 3265 :misma
537 3222 641 3280 questas
659 3218 818 3281 impudentia
835 3224 878 3270 est.
910 3218 953 3267 Sic
971 3232 1072 3282 qrroque
1093 3218 1176 3279 prima
1187 3216 1314 3278 Rigattii;
1330 3226 1387 3278 qne:

230 3345 232 3347 V
285 3277 364 3326 lectio
376 3279 462 3328 Fabro
480 3296 532 3330 non
551 3282 681 3343 displicet.
713 3282 858 3330 Gronovius
875 3289 904 3330 et
922 3282 1018 3331 llarius
1033 3281 1138 3329 stultitia
1154 3280 1312 3329 nominativo
1323 3290 1385 3327 casn

287 3341 399 3407 positum
418 3344 537 3408 creduut,
555 3345 604 3396 boc
622 3359 707 3409 sensu,
722 3352 752 3395 ut
770 3347 827 3411 ipsa
843 3347 951 3395 stultitia
971 3352 998 3394 et
1009 3346 1140 3408 imperitia
1158 3346 1192 3393 sit
1203 3348 1325 3407 quaestus,
1336 3342 1353 3391 i.
1362 3356 1388 3391 e.

287 3413 415 3469 quartam
427 3410 545 3471 praebeat
563 3410 766 3473 impudentibus.
798 3410 851 3459 Sed
869 3411 918 3473 ipsi
937 3408 1055 3459 diffidunt
1066 3409 1127 3457 hnic
1138 3408 1310 3471 expositioni:
1327 3406 1387 3455 triac

287 3468 388 3518 tnalnut
397 3474 505 3533 questui.
537 3474 582 3523 Sic
593 3474 792 3536 Freinshemius,
811 3476 862 3537 legi
874 3476 980 3539 jubeas,
1003 3474 1108 3530 Quorum
1116 3473 1221 3523 stultitia
1232 3469 1388 3535 cucumim·

285 3534 407 3596 ptdmtioe
414 3543 457 3588 est.
491 3539 610 3591 Quaesmi
622 3547 708 3589 autern
720 3539 842 3589 dicuutur
852 3539 966 3589 homiues
976 3552 1044 3600 esse,
1052 3552 1085 3588 ex
1100 3539 1192 3603 quibas
1203 3537 1248 3585 alii
1259 3540 1388 3601 qcaestntu

786 3709 893 3760 Notffl

321 3844 353 3890 ts
371 3840 459 3905 Capite
476 3842 567 3905 uma]
596 3842 662 3894 Can:
681 3849 767 3907 capnt
784 3846 820 3895 sit
859 3844 927 3895 enin:
938 3842 1047 3907 opposuit
1056 3842 1144 3907 pedet.

288 3916 424 3987 precipua
443 3919 557 3979 corporis
584 3932 654 3982 pers,
681 3920 820 3970 usitatissi-
892 3925 923 3970 ta
946 3922 1052 3977 Quorum
1071 3920 1176 3970 mediiis
1193 3925 1296 3984 meamus
1312 3920 1387 3983 imps-
1454 3980 1459 3988 Ι

287 4006 357 4042 taum
369 4000 410 4041 est
427 3992 494 4054 apud
514 3992 567 4042 Cic.
586 4000 616 4041 ut
630 4008 683 4043 ror
693 3996 819 4043 illamar·
859 3998 946 4047 dentice
956 3994 1004 4060 est]
1020 3996 1052 4045 Id
1070 4004 1120 4057 est,
1135 3997 1178 4061 qui
1196 3996 1234 4045 ita
1245 3994 1390 4057 intuisset,

288 4073 424 4131 peturpro
436 4067 497 4115 vita.
525 4068 720 4130 Elegantissime
732 4076 818 4118 satem
860 4079 889 4121 ut
900 4080 1013 4135 questus
1029 4072 1063 4121 ad
1082 4072 1247 4135 impudentes
1265 4070 1386 4129 devolet:

224 4155 227 4161 ·
287 4141 410 4191 hocloco
430 4150 569 4205 usurpatur
585 4152 694 4206 propter
710 4158 819 4208 sequen·
860 4148 910 4210 rel,
923 4155 953 4198 ut
970 4148 1000 4197 iis
1018 4150 1054 4199 sit
1072 4155 1195 4214 quaestus,
1211 4148 1255 4213 qni
1271 4148 1388 4213 gnaviter

289 4222 343 4270 ten
369 4232 468 4281 vocem,
491 4221 572 4281 pedes,
595 4227 727 4284 augetque
751 4220 820 4270 dicti
858 4222 1023 4287 impudentes
1042 4231 1119 4279 sunt:
1142 4225 1181 4277 ua
1197 4225 1294 4289 (iente.
1310 4222 1388 4275 Ore·-

288 4293 462 4359 acrimoniam,
478 4309 512 4345 ex
528 4294 701 4358 oppositione.
733 4296 820 4360 cupiti
858 4298 924 4351 riu.
