3192 4967
667 408 863 461 umacus.
1289 393 1314 463 8

139 567 142 573 '
212 552 382 626 tantarum
394 562 429 623 ot
443 561 494 623 tot
511 556 667 620 virtutum
688 554 868 637 splendore
889 552 1048 621 collecta
1088 553 1199 621 'Vides
1211 573 1313 642 quum

211 664 263 728 sit
283 658 358 745 ejus
382 652 484 741 longe
505 658 639 740 tuteque
655 654 810 719 diffusum
825 673 967 736 uomen3
987 654 1083 719 vides
1111 672 1178 739 quo
1203 658 1311 739 vultu,

215 781 283 848 quo
299 762 474 845 supercilio
490 760 619 825 Gentes
634 776 758 835 omnes,
781 756 961 835 Civitates,
985 757 1174 841 Principes,
1198 758 1305 844 lmpe⁴

215 870 355 940 mares,
378 862 545 945 Europam
562 861 705 945 denique
723 866 825 925 totam
842 861 935 924 solus
950 861 1110 923 convertit
1122 870 1157 923 et
1168 878 1314 928 eommo-

215 971 288 1044 ret3
311 968 434 1049 quanta
460 980 621 1027 armornm
649 980 785 1025 suornm
809 961 969 1026 felicitate
991 962 1091 1025 modo
1115 980 1196 1026 suos
1217 966 1313 1047 tegit,

214 1065 317 1131 modo
340 1066 480 1129 lacessit
505 1065 686 1147 improbos,
712 1062 817 1129 modo
839 1080 878 1126 ue
899 1071 935 1127 et
961 1063 1115 1145 Regnum
1130 1064 1313 1131 lacessitus

215 1168 408 1246 nl'ciscitnr3
437 1184 537 1251 qnam
562 1166 661 1230 semla
692 1167 946 1230 inconstantiam
975 1170 1116 1229 tortuose
1151 1167 1313 1231 consilio·

216 1284 289 1335 rum
304 1268 479 1353 purulentia
492 1268 690 1345 moderant,
712 1274 746 1332 et
768 1268 922 1333 victorine
944 1266 1021 1350 jura
1039 1284 1099 1349 per
1112 1286 1174 1331 sua
1187 1274 1313 1347 cuba,

217 1387 360 1455 quornm
386 1386 524 1434 numero
553 1374 660 1433 terras
689 1373 721 1432 el
746 1369 852 1433 maria
879 1375 1034 1452 occupat,
1055 1369 1106 1432 uic
1132 1366 1255 1433 dividit
1277 1372 1315 1435 ct

217 1474 372 1556 patitur,
394 1476 433 1536 nt
455 1472 514 1536 nni
541 1469 715 1536 Lndouico
737 1471 881 1535 victoria
906 1470 1061 1538 videatur
1080 1471 1204 1553 ubique
1218 1470 1315 1537 labo·

217 1590 302 1640 rare.
346 1572 484 1657 Aspicis
499 1592 569 1657 qua
582 1571 775 1639 lenitudine
790 1580 907 1637 contra
920 1579 1065 1651 exteros,
1080 1592 1149 1657 qua
1164 1566 1232 1637 sude
1250 1592 1313 1658 pro

217 1676 334 1753 sociis,
347 1695 414 1759 qna
425 1676 631 1743 humanitate
647 1694 725 1739 eum
739 1676 812 1739 suis
826 1676 939 1739 omnia
953 1692 1064 1756 gerere
1079 1678 1265 1742 consuevit.

261 1774 362 1841 Hanc
384 1775 464 1847 'rint
488 1777 590 1855 mam,
615 1776 873 1842 Suannrssrnn
889 1776 1096 1853 Pulueris,
1120 1775 1314 1843 Ludorions

216 1879 362 1963 aperuit.
415 1878 466 1943 ‘l'e
494 1877 538 1943 ad
565 1879 628 1943 has
653 1877 785 1956 landes,
808 1872 913 1963 'qnasi
942 1879 1113 1963 quadrigis
1146 1880 1315 1944 volantem

217 1977 430 2047 admiramur.
473 1976 584 2047 Tuum
598 1987 653 2046 cst
666 1978 749 2055 illud
763 1982 974 2058 curriculum,
1001 1983 1037 2045 ln
1059 2001 1126 2065 qno
1145 1982 1314 2059 insistere,
1392 1986 1400 2013 '

217 2087 258 2145 nt
272 2098 479 2164 summopere
491 2082 673 2165 gloriosum
688 2087 749 2161 est,
764 2083 811 2146 ita
821 2082 958 2147 arduum
973 2088 1074 2167 atque
1087 2082 1241 2147 diffinite:
1273 2081 1316 2146 In

216 2180 279 2246 hac
294 2191 407 2248 autem
421 2184 584 2267 dignitate
598 2202 685 2269 qnos
697 2186 784 2251 ahos
801 2190 957 2250 auctores
971 2186 1091 2267 agendi
1105 2194 1138 2251 et
1152 2182 1316 2265 regnandi

218 2285 408 2365 sapientius
423 2288 593 2363 consulas,
617 2306 702 2371 ques
717 2306 859 2369 sequare
873 2290 990 2363 tutius,
1015 2304 1116 2367 quam
1140 2288 1210 2363 qui,
1233 2283 1316 2349 licet

217 2388 354 2462 mortui,
369 2386 549 2468 Principes
569 2393 680 2452 tamen
695 2388 875 2449 etiamnum
889 2384 1078 2457 admonent,
1103 2401 1213 2466 neque
1234 2404 1315 2468 pos·

218 2491 299 2547 sunt
322 2485 491 2545 adulando
515 2486 680 2562 decipere.
724 2480 808 2544 Sunt
828 2480 997 2546 enimvero
1018 2483 1054 2546 in
1080 2482 1157 2548 aula
1183 2484 1315 2567 Regum

216 2582 340 2647 versuti
355 2582 514 2645 innumeri
525 2580 694 2658 hemines,
710 2578 833 2645 diurna
844 2582 1081 2647 cousuetudine
1096 2583 1139 2647 ad
1157 2586 1315 2650 servilem

218 2682 477 2747 assentationem
493 2680 682 2757 exercitati,
706 2682 765 2763 qui
779 2680 945 2764 Principi,
967 2702 1035 2747 uon
1048 2704 1093 2748 ex
1107 2686 1230 2763 animo,
1254 2686 1316 2751 sed

219 2785 273 2847 sni
288 2782 455 2847 commodi
468 2776 586 2863 gratia,
600 2782 808 2851 summantur.
852 2782 986 2849 Norunt
999 2784 1051 2848 illi
1066 2787 1159 2849 solas
1171 2784 1314 2853 fortunae

217 2883 302 2961 vias,
316 2883 465 2965 nihilque
480 2882 555 2966 ejus
571 2902 673 2949 causa
691 2883 967 2966 praetermittnnt3
983 2891 1017 2947 et
1027 2888 1188 2966 qnoniam
1200 2905 1314 2953 corum

219 2985 392 3067 cupiditati
406 2986 529 3048 veritas
545 2983 748 3063 adversatur,
770 2984 880 3047 solent
897 2984 991 3047 illam
1006 2986 1050 3049 ab
1064 3004 1203 3050 accessu
1217 2984 1315 3053 Priu-

220 3084 333 3167 cipum
348 3084 465 3165 procul
481 3082 668 3147 amandare.

263 3184 318 3249 Ne
333 3183 513 3261 committe,
535 3182 793 3249 snnrmsrrun
807 3184 1016 3263 Parnasus,
1041 3186 1121 3251 huie
1144 3188 1314 3255 bominum

221 3286 334 3367 generi
358 3291 486 3366 partem
511 3283 614 3349 ullam
641 3286 901 3349 existimationis
926 3292 1004 3349 tuae.
1049 3287 1237 3353 Monitores
1256 3291 1315 3357 atl-

220 3388 298 3451 hibe
312 3387 438 3469 potiuS,
464 3405 548 3468 quos
562 3387 641 3449 olim
658 3386 817 3451 Socrates
838 3386 988 3467 Regibus
1002 3387 1173 3455 offerebat.
1216 3389 1315 3458 Anti-

222 3506 308 3571 quos
322 3486 473 3565 intelligo
485 3487 674 3567 scriptores
687 3486 745 3569 qni
760 3486 979 3570 Principibus
994 3490 1174 3571 praeierunt
1184 3492 1314 3574 iacem3

221 3588 281 3673 qui
297 3587 488 3651 dubitantes
503 3585 709 3663 confirmant,
724 3593 870 3651 errantes
892 3596 1072 3668 revocaut3
1096 3599 1132 3654 et
1149 3592 1235 3656 adeo
1248 3610 1315 3658 non

221 3688 407 3764 adulantur,
418 3693 455 3751 ut
470 3688 603 3769 egregia
616 3686 774 3753 fidelitate
789 3697 824 3753 et
834 3691 1016 3755 acerbitate
1028 3694 1167 3757 salutari
1177 3696 1314 3775 impune

221 3790 416 3873 plerumque
435 3792 588 3854 saeviant.
632 3790 711 3855 Jam
735 3811 813 3856 vero
840 3813 914 3857 cum
934 3786 1129 3858 multisunt
1152 3794 1316 3877 ejusmodi

223 3892 411 3973 scriptores,
435 3886 510 3956 tum
538 3892 649 3956 nullus
672 3892 739 3957 fere
770 3902 822 3959 est
849 3894 963 3958 utilior
989 3896 1069 3958 Tibi
1093 3914 1191 3976 qnam
1216 3894 1316 3960 Phae·

221 3990 310 4057 drus.
356 3992 512 4057 Fabellas
541 3992 642 4057 habet
671 4012 747 4057 oum
776 3994 996 4078 philosophiae
1026 3996 1205 4076 praeceptis
1232 3995 1316 4059 miro

222 4086 367 4177 quodam
398 4092 540 4159 artificio
577 4095 784 4177 conjunctas,
823 4097 858 4160 iu
897 4096 1019 4177 quibus
1047 4096 1183 4159 nativus
1209 4115 1316 4165 rernm
1362 4127 1367 4144 ι

221 4192 426 4277 depictarum
448 4195 543 4279 lepos
567 4195 611 4260 ad
634 4198 853 4264 excellentem
874 4214 1003 4261 morum
1028 4195 1316 4279 disciplinando
