3192 4967
357 450 510 503 ruerem
535 442 910 501 rr'rrsrrrrortrr‘or
935 454 1108 504 numero.
1236 440 1279 504 31

179 593 297 658 habui
341 592 386 659 Et
410 590 719 660 immortali‘nmore
737 588 965 679 prudentiam
975 597 1010 659 in
1030 586 1097 660 tam
1120 587 1282 663 anemone

187 696 301 761 verbis*
310 702 346 760 et
358 693 482 761 fabulis
494 694 652 774 abditam,
667 692 799 780 dignam
813 716 888 762 esse
901 698 978 781 quis
991 698 1111 779 negeti

444 876 544 941 Idem
557 873 736 941 Adverser.
751 877 773 940 l.
789 892 917 951 xxxv,
931 896 961 942 c.
971 877 1026 944 21.

232 995 285 1065 De
300 1000 442 1070 Phaon.
455 994 590 1066 fabulis
601 999 653 1065 ita
664 994 832 1085 ¹judicent·
843 1003 1019 1068 doctorum
1034 1001 1194 1087 plerique,
1207 1019 1286 1067 esse

180 1099 338 1185 ingenuae
352 1102 554 1181 Latinitatis,
572 1120 681 1186 neque
695 1104 825 1168 mentiri
842 1120 953 1169 rerum
966 1103 1102 1169 Tiberii.
1116 1094 1121 1105 '
1147 1101 1188 1166 iu
1200 1114 1285 1186 quo-

188 1220 259 1267 rum
273 1221 335 1285 ego
344 1220 484 1285 ,prorsus
494 1202 654 1287 opinione
669 1222 754 1282 sum,
765 1203 846 1269 licet
858 1220 958 1269 uuam
977 1209 1013 1270 et
1024 1204 1159 1270 ultorem
1171 1203 1285 1273 80ὺῶ-

151 1318 156 1327 ··
182 1302 299 1367 titiam
310 1307 345 1367 et
354 1302 533 1369 insititiam
547 1322 622 1370 enee
630 1302 703 1388 jem
718 1304 797 1371 oiim
809 1305 959 1372 notatim.

181 1460 203 1553 ],
260 1482 432 1569 Augustos
447 1482 643 1554 Buohneros
654 1489 690 1555 in
703 1489 798 1556 libris
812 1489 856 1555 de
867 1493 1077 1557 'commutate
1089 1487 1213 1555 ratione

663 1588 809 1657 dicendi.

236 1711 398 1779 Phaedrus
412 1714 682 1797 elegantissimus
696 1708 899 1783 Febularum'
914 1718 1149 1801 AEsopicurum
1161 1713 1272 1799 poete.

418 1918 421 1925 ’
448 1896 544 1961 Idem
559 1897 709 1963 Oration.
721 1899 818 1965 Tem.
834 1916 875 1965 ιι.
891 1899 983 1967 Orat.
993 1898 1026 1963 2.

236 2019 399 2117 Pireedrus
422 2020 690 2103 elegantissimus
705 2022 906 2089 Febrrlurum
924 2024 1160 2108 AEsopicarum
1173 1998 1288 2103 noete,

192 2121 327 2185 libertus
339 2120 467 2188 Tiberii
482 2122 631 2190 Gaesaris
644 2124 873 2192 doctissimus.

199 2400 202 2405 ι
270 2302 367 2399 Idem
382 2304 608 2389 EpistTom
623 2323 662 2371 rr.
677 2307 814 2389 Ep..7l.·
829 2307 874 2372 nd
887 2304 1218 2371 Jmumemremm.

200 2518 202 2523 Ι
236 2427 374 2493 Phaedri
389 2429 555 2512 elegantes
574 2430 609 2493 et
628 2432 817 2513 purissimae
836 2428 1036 2514 Latinitatis,
1058 2428 1109 2492 sic
1133 2425 1291 2493 Barthius

191 2532 319 2605 censet,
344 2526 490 2625 Fabuias
516 2534 627 2621 tenere
651 2527 789 2609 sempert
805 2529 927 2593 emavi.
980 2528 1024 2592 Et
1047 2528 1189 2612 quidnii
1211 2548 1289 2593 cum

112 2622 153 2644 ““
182 2628 269 2693 illas
283 2624 407 2691 nemini
430 2630 497 2689 non
519 2626 721 2693 eruditorum
743 2628 903 2695 hactenus
927 2628 964 2694 in
989 2629 1118 2697 deliciis
1144 2646 1219 2694 esse
1240 2628 1290 2694 vi-

194 2730 315 2795 derem.
412 2758 439 2767 ⁴·
1052 2736 1056 2745 '

357 2882 396 2946 F.
410 2880 585 2947 Vavassor
599 2883 641 2947 de
654 2882 783 2948 ludicra
797 2883 943 2966 dictione
959 2901 1036 2966 pag.
1050 2881 1127 2947 205.
1157 2860 1162 2867 ⁹

183 3021 207 3074 ι’
238 3022 717 3105 Ρὴωᾱηιιιιῑςίὶυτὴαὴοωιιε,
741 3010 886 3104 Augusti
906 3024 1070 3099 libertum,
1094 3022 1167 3087 sive
1189 3010 1294 3090 Octa·

152 3202 156 3215 ,Ὶ
186 3116 285 3189 rimi
310 3124 382 3190 sire
402 3122 541 3200 Tiberii,
558 3125 617 3206 qui
640 3130 676 3189 et
697 3124 831 3189 nomine
856 3124 935 3209 ipso
956 3124 1151 3189 nnenutem
1170 3131 1294 3207 praese

150 3223 153 3232 ’
184 3225 269 3303 -sert,
285 3233 318 3290 et
331 3226 500 3310 profitetur
526 3224 630 3289 libelli
654 3227 708 3291 sui
730 3227 840 3291 dotem
863 3227 1002 3291 alteram
1015 3223 1293 3307 cirencestre,

152 3339 154 3345 ’
187 3320 350 3403 utrisuin
363 3334 507 3404 moveat,
521 3333 557 3391 et
571 3326 657 3393 fietis
671 3328 795 3393 fabulis
804 3328 947 3411 jocetur.
990 3327 1086 3391 Idem
1100 3344 1202 3409 quam
1214 3348 1292 3411 pro—

153 3415 156 3421 ’
196 3428 270 3509 prie
285 3421 328 3492 de
343 3417 575 3493 communibus
598 3434 632 3492 et
645 3428 851 3510 quotidianis
873 3430 982 3504 rebus,
1000 3431 1087 3510 quas
1100 3429 1159 3493 ulii
1172 3434 1293 3495 uacu-

118 3590 127 3601 ,
187 3534 275 3591 mut
303 3528 480 3609 scriptores
505 3528 598 3605 nulli,
621 3516 785 3610 loquitur!
808 3534 907 3611 quam
931 3529 1060 3591 sincere
1082 3533 1116 3592 et
1136 3529 1181 3592 ab
1202 3532 1295 3594 omni

153 3618 157 3627 ’
187 3626 424 3713 peregrinitate
449 3620 550 3712 utque
574 3624 749 3693 insolentia
771 3628 915 3693 remote!
953 3647 1055 3712 quum
1083 3633 1211 3711 presse,
1231 3632 1293 3693 nec

186 3730 336 3797 moleste
350 3732 476 3795 tamen!
498 3746 598 3812 quem
613 3722 734 3807 solute,
747 3748 813 3794 nee
831 3729 985 3795 licenter!
1007 3748 1106 3813 qnam
1119 3729 1294 3794 emendate

186 3828 404 3915 iiterateque,
420 3836 460 3896 ac
475 3826 572 3907 bene,
582 3834 620 3893 ut
633 3831 737 3894 verbo
752 3830 1025 3909 dican,·Lntinet
1047 3830 1089 3894 ln
1103 3850 1169 3912 quo
1179 3832 1295 3910 genere

187 3930 282 4013 ·quid
291 3932 417 4015 posset,
432 3937 468 3995 et
485 3930 619 4013 agnovit
633 3930 719 4014 ipse,
732 3936 764 3995 et
778 3933 940 4016 aequales,
955 3933 1016 4015 qai
1026 3935 1126 3994 aetate
1139 3929 1296 3994 vivebant

148 4039 155 4051 '
199 4031 327 4110 eadem,
343 4050 420 4096 cum
438 4032 511 4115 ejus
527 4032 628 4095 verba
648 4031 694 4093 in¹
707 4050 787 4096 suas
810 4033 943 4097 chartas
964 4021 1188 4107 transferrent,
1212 4028 1295 4093 satis

188 4129 419 4197 :declararunt
464 4130 602 4195 Memini
625 4126 778 4213 equidem
797 4131 963 4196 Jacobum
987 4127 1198 4194 Sirmondum
1220 4148 1296 4194 nar·

187 4233 365 4313 ratemilri
386 4232 529 4311 solitum,
548 4250 625 4297 cum
646 4230 770 4297 Petrus
786 4231 937 4297 Pithoeus
958 4229 1021 4296 hos
1045 4229 1180 4295 Phaedri
1194 4229 1295 4297 AEse·
