3192 4967
283 424 330 495 02
501 439 654 491 rannus
679 428 916 493 ninuninurr
939 436 1168 491 uuorruuuu

280 582 315 651 A
328 582 518 651 corcodilis
530 602 573 649 ne
586 582 774 669 rapiantur,
792 581 1034 649 triditnnr'est'
1125 584 1131 593 '
1170 586 1175 595 '
1252 582 1257 595 '
1301 584 1304 592 “
1357 580 1383 591 ”’

284 686 391 770 Igitur
405 704 482 753 cum
497 704 629 749 currens
640 684 759 749 bibere
773 683 940 767 ooepisset
951 682 1071 763 (lanis,
1140 710 1145 721 ·

284 787 343 852 Sio
357 786 570 853 corcodilus:
593 784 706 865 Quam
716 785 800 851 libet
812 785 924 850 lambe
938 787 1021 865 otio,

265 881 368 964 'Noli
381 888 496 957 vereri.
539 886 589 955 At
603 886 677 953 ille:
701 886 860 953 Facerem
874 875 1070 969 meborou'le,
1108 970 1126 979 ..

285 1086 346 1137 Gssr
354 1101 411 1149 ergo
423 1086 497 1137 Coris
512 1086 617 1153 quidam
634 1087 742 1153 eoepiuet
751 1047 861 1138 mm
875 1050 979 1151 ιιιιειιι,
988 1089 1025 1138 itu
1041 1088 1180 1137 Crocodilus
1189 1084 1222 1135 ad
1234 1098 1307 1134 enm:
1325 1082 1389 1134 Bibe

282 1146 600 1269 Ξιωιιιὼιιιιὲιῃιιοιῖὧιιὶλὶι
611 1149 678 1205 tisis.
710 1149 746 1202 At
763 1152 853 1207 Casu:
870 1154 982 1255 Facerem
1000 1152 1114 1219 equidm,
1130 1152 1177 1213 sisi
1193 1150 1284 1201 sim
1302 1152 1327 1199 is
1339 1156 1391 1199 esse

745 1310 924 1335 «nemeen

283 1408 414 1461 ritui-⁴
432 1408 571 1463 coruom
602 1410 635 1461 In
651 1411 703 1465 nis.
722 1412 794 1463 rin.
813 1418 855 1463 est
874 1410 1029 1461 corcodrillis
1039 1409 1179 1472 Brotierio,
1197 1414 1226 1458 st
1246 1406 1390 1483 Corfodrilis

283 1474 415 1525 Noreleto
427 1475 547 1526 testibus.
589 1476 621 1526 ln
631 1477 684 1525 Μι.
695 1477 769 1527 Rern.
781 1477 936 1533 comodillisr
960 1483 989 1525 st
1008 1474 1109 1525 Gudius
1128 1480 1281 1532 attutstur,
1296 1484 1323 1521 ιιι
1338 1471 1389 1519 boe

282 1538 335 1601 legi
349 1540 487 1589 Coreodilia
519 1540 612 1591 Multa
622 1546 709 1590 tamen
720 1542 850 1592 editiones
861 1541 959 1591 babent
969 1540 1108 1602 crocodillis,
1119 1555 1140 1589 ι.
1152 1536 1290 1588 Croeodilis.
1323 1536 1389 1585 Ler-

284 1602 382 1652 tionem
394 1617 455 1652 reru
467 1604 597 1655 Coruodilis
614 1618 672 1655 esse
688 1619 776 1655 reram
792 1615 823 1657 et
838 1613 947 1667 rectam,
957 1604 1060 1655 erudite
1072 1603 1165 1669 probat
1176 1602 1287 1653 (ludius.
1320 1600 1389 1650 Nam

282 1666 416 1729 ιιιιςιιιιιι
428 1668 560 1718 Crocodilis
571 1682 660 1718 versus
671 1670 739 1719 ratio
748 1670 860 1733 respuit,
879 1684 939 1719 cusu
955 1670 1039 1733 prima
1050 1669 1077 1717 in
1089 1667 1226 1718 Crocodilus
1239 1674 1335 1714 ustura
1343 1676 1389 1713 sna

283 1729 369 1781 brevis
380 1732 424 1781 sit.
457 1732 612 1784 Constsnter
621 1734 690 1782 enirn
701 1734 918 1785 eradicabunt
937 1732 1100 1799 Κροκύδιιλιι,
1114 1747 1166 1782 nou
1184 1728 1342 1795 Κροκόδειλιι
1360 1734 1389 1777 et

285 1793 439 1857 tinellum
449 1797 604 1861 promiscue,
611 1797 680 1861 quod
691 1799 747 1848 vult
757 1798 852 1861 Faber,
861 1799 905 1863 qui
916 1798 1026 1875 primurn
1036 1800 1063 1847 in
1073 1797 1210 1847 Groeodilsss
1219 1792 1389 1867 producebat.

283 1859 405 1921 “Testari
417 1860 536 1924 possum,’
554 1862 640 1925 inquit
651 1861 763 1926 (ludius,
779 1864 787 1911 t
799 1864 828 1911 in
839 1864 943 1926 optimu
962 1868 991 1919 et
1007 1862 1230 1927 septingentorum
1242 1858 1389 1933 etamplius

284 1936 410 1973 annornm
421 1925 576 1975 membranis
586 1940 637 1975 non
648 1932 749 1977 tsnturn
759 1926 830 1990 aqud
841 1926 944 1990 poitur,
954 1926 985 1975 iis
1001 1927 1028 1976 in
1046 1926 1118 1987 loeis,
1134 1925 1179 1975 nbi
1197 1923 1275 1974 metri
1286 1928 1353 1972 rutro
1362 1921 1389 1969 rd

304 1986 409 2050 ustula,
418 1988 465 2038 sed
474 1989 554 2039 etiam
565 1988 592 2038 in
604 2004 680 2053 prosa
694 2005 709 2039 a
728 1990 762 2040 ud
774 1997 892 2040 oratores
902 1999 931 2041 et
943 1991 1107 2056 philosophos
1119 1988 1229 2053 reperiri
1245 1986 1391 2038 Gorrodilut.

284 2002 568 2117 flureuooosrsbit,
586 2006 727 2119 quodbelf
1369 2115 1374 2127 Ι

284 2117 383 2180 perint,
411 2117 436 2165 ui
447 2116 601 2180 Κροκόδιιλιι
611 2119 773 2185 scripserint.
803 2119 848 2170 Sic
860 2120 928 2169 enim
940 2134 1010 2182 saepe
1022 2119 1156 2180 voeabula,
1175 2132 1234 2182 que
1253 2132 1269 2166 ι
1287 2115 1390 2166 Grecis

720 2070 762 2105 ura
773 2056 848 2105 istius
860 2055 968 2105 Niliaea
979 2068 1073 2105 nomen
1083 2070 1099 2105 s
1109 2054 1209 2104 Grecis
1219 2050 1306 2103 Latini
1317 2064 1392 2101 seue·

283 2180 382 2231 babent
429 2182 487 2246 tini,
497 2183 672 2235 immutarunt.
703 2183 842 2235 sistartia
859 2200 875 2234 a
891 2182 1046 2247 insiluisse.
1079 2184 1178 2233 Eodem
1189 2177 1392 2255 modoxdprqur
1497 2184 1502 2193 “

284 2252 314 2295 et
332 2242 457 2311 Κρόιιριι.
490 2249 550 2298 Non
565 2248 715 2310 negandum
732 2262 796 2298 roro
815 2255 866 2311 est,
886 2249 988 2313 politas,
1005 2248 1105 2312 quoties
1123 2249 1207 2311 prima
1224 2246 1294 2296 foret
1311 2258 1392 2294 corrr-

285 2310 390 2373 pienda,
399 2310 433 2360 ad
443 2310 614 2363 imitationem
626 2313 778 2363 (tresorum
789 2313 924 2377 scripsisse
934 2313 1079 2363 Crocodilus.
1111 2313 1155 2361 Sic
1167 2311 1233 2361 Hor.
1244 2309 1330 2373 Epud.
1340 2320 1392 2357 ιιι.

286 2378 327 2425 11.
360 2376 460 2426 Postea
470 2378 547 2427 unice
559 2375 663 2437 tauderq
674 2377 799 2439 obtinuit,
810 2385 840 2431 ut
850 2378 1008 2427 scriberetur
1020 2375 1259 2429 cmodtlss.’-o.r
1276 2374 1307 2423 In
1319 2380 1391 2425 utro·

283 2452 336 2502 que
348 2438 446 2489 Codice
456 2446 485 2489 et
503 2441 574 2492 Pitb.
588 2447 621 2490 'et
635 2441 710 2491 Rern.
722 2446 847 2506 corrupte
855 2442 912 2493 baee
932 2443 970 2492 ita
984 2443 1116 2507 leguntur,
1128 2445 1198 2491 teste
1211 2436 1390 2489 D'esbillonioi
1481 2458 1485 2463 ·

283 2502 729 2568 qsosrrlibstluusbsoeyssspotuueesds
740 2506 801 2555 Noli
816 2507 1129 2557 umesususisotsols'
1139 2505 1216 2555 nerui
1227 2502 1393 2567 isrqsitoit'llt

284 2564 363 2615 isene
373 2566 509 2616 ιιιΙιιισιιὶι.
540 2567 665 2617 Heinsius
677 2576 764 2618 tamen
775 2568 864 2631 docet,
872 2570 900 2619 in
909 2570 1002 2619 Veteri
1010 2570 1118 2631 Codice,
1134 2570 1152 2619 i.
1160 2583 1185 2618 a.
1198 2568 1269 2619 Pitb.
1280 2566 1392 2617 inveniri

287 2631 501 2693 mourmelier
526 2632 601 2695 eujus
611 2632 682 2682 modi
692 2632 871 2687 diversitatem
890 2634 1026 2697 scripturas
1042 2633 1070 2683 iu
1087 2633 1182 2683 eodem
1201 2632 1297 2683 Codice
1312 2644 1392 2695 supra

285 2694 422 2758 aliquoties
433 2694 554 2746 vidimus.
584 2694 617 2745 ’ri
631 2696 681 2745 otio
698 2702 786 2746 sutem
803 2697 975 2747 videturesse
994 2714 1010 2748 a
1029 2712 1106 2747 manu
1124 2699 1297 2761 primnsryus
1316 2711 1332 2745 a
1352 2709 1392 2753 ser

286 2758 381 2814 cunda.
413 2758 553 2808 Pbadrum
564 2760 607 2810 bic
619 2774 676 2811 esso
686 2760 873 2823 interpolatum
885 2761 1060 2813 additionibus
1070 2761 1244 2823 librariorum,
1254 2760 1299 2826 qui
1311 2760 1392 2823 expli·

285 2822 444 2873 estioneroi»
453 2824 529 2873 lunia
546 2823 596 2873 otio
613 2825 701 2873 sensui
719 2825 854 2874 consulere
875 2826 980 2885 vellent,
999 2840 1062 2876 reru
1080 2834 1122 2875 est
1141 2826 1306 2876 simillimum.
1338 2818 1394 2887 Sic,

287 2894 356 2937 teate
373 2888 514 2952 Brotierio,
529 2888 573 2938 lib.
584 2902 604 2940 1.
623 2888 678 2938 fab.
687 2892 729 2939 ἥ.
741 2893 767 2939 7.
786 2895 848 2953 post
865 2890 955 2951 rerba,
969 2891 978 2919 ‘
990 2897 1018 2939 et
1028 2890 1098 2967 ipsos
1112 2890 1241 2953 devores,'
1257 2890 1308 2941 Μι.
1318 2888 1392 2938 Pin.

284 2951 382 3004 nabet:
399 2954 407 2980 ‘
420 2953 475 3003 Hic
481 2953 599 3017 intellige
608 2952 720 3003 soricem
731 2968 791 3003 esse
802 2954 905 3017 generis
915 2956 1068 3004 masculini!
1100 2956 1217 3005 Pitboeus
1235 2961 1296 3017 post
1309 2968 1349 3003 vs.
1365 2957 1392 3001 u.

287 3031 366 3067 unum
378 3032 481 3077 versum
491 3017 608 3068 addidit:
626 3019 1260 3083 saue,posauauer‚usouous‚1aqau,omru
1292 3018 1325 3069 A.
1342 3019 1361 3067 i.
1367 3016 1394 3077 fa

286 3096 320 3131 ss.
330 3081 375 3144 qui
386 3080 481 3147 deiude
493 3097 509 3130 a
520 3082 616 3144 multis,
626 3089 657 3130 ut
669 3083 792 3137 Nevelet.
802 3084 898 3146 Rigalt.
908 3084 957 3133 Ed.
970 3088 993 3133 i.
1010 3085 1168 3138 Freinshem.
1177 3083 1305 3144 Fonteio,
1313 3082 1393 3133 etiarn

287 3141 447 3206 Burmanno,
455 3152 578 3208 receptus
589 3151 636 3195 est.
668 3146 721 3195 Sed
732 3160 785 3195 noo
795 3148 873 3209 pauci
883 3155 952 3210 suut,
963 3147 1007 3213 qul
1019 3162 1139 3199 vernunst
1154 3150 1255 3209 Accede,
1263 3152 1323 3211 poto
1333 3146 1393 3196 leri-

287 3210 335 3269 ter,
344 3200 369 3257 ei
378 3208 428 3257 soli
436 3210 509 3270 dolos,
519 3209 624 3271 penitus
632 3210 771 3259 omittant·
789 3224 867 3260 versu
879 3218 964 3261 autem
976 3227 1015 3277 sq.
1026 3227 1074 3277 pro
1089 3214 1166 3275 iuquit
1182 3207 1397 3278 pretereundi

285 3272 329 3322 Sic
340 3270 446 3335 Rigaltii
454 3272 543 3323 Editio
554 3280 695 3338 postrema,
704 3281 733 3324 et
743 3245 873 3325 biaittarli
880 3274 1033 3341 nemoque
1045 3278 1189 3329 Editioues.
1218 3277 1306 3347 Atque
1314 3274 1398 3365 etiuur1

787 3442 895 3497 NOTAE

287 3561 329 3606 tet
340 3546 492 3604 er'bistoris
508 3554 608 3606 Africa
618 3554 652 3607 de
662 3558 783 3609 Marmei.
794 3567 824 3610 ot
862 3548 950 3613 tamen
961 3562 1009 3612 uisi
1019 3562 1218 3628 decimoquinto
1226 3548 1393 3627 Junii‚prop·‘

288 3632 473 3683 dissertatione
494 3633 579 3683 lsaaui
598 3636 684 3685 vossii
706 3636 740 3686 de
766 3637 823 3690 Nili
861 3644 904 3691 ter
915 3640 1019 3703 longum
1037 3640 1098 3703 iter,
1112 3638 1182 3703 quod
1198 3651 1337 3687 excurrere
1348 3636 1392 3687 de·

287 3708 397 3773 origiue,
415 3709 483 3759 bunc
499 3708 562 3758 oriri
581 3723 615 3759 ex
632 3709 733 3760 duobus
743 3709 823 3762 fonti·
861 3712 924 3765 bent
936 3716 988 3764 illia
1006 3728 1081 3779 aquae
1098 3720 1238 3775 antequam
1254 3712 1288 3763 nd
1299 3712 1393 3777 AEgyp·

288 3787 337 3837 bus
347 3787 376 3837 iu
386 3786 519 3850 AEtbiopia
529 3786 666 3851 superiori,
681 3787 748 3839 etin
763 3802 822 3855 reg-
860 3795 915 3840 tum
927 3802 1009 3855 usque
1020 3790 1183 3854 perveniunt,
1197 3788 1344 3843 oesnmuuio
1355 3787 1394 3839 Α·

287 3878 324 3918 nu
340 3862 542 3924 Abissonorusn,
564 3862 590 3912 in
613 3869 684 3916 terra
702 3865 821 3931 Sscbala,
859 3865 1034 3917 bissenorum.
1393 3880 1395 3883 ·

287 3939 357 3995 iuter
373 3947 475 3989 montes
490 3938 618 4002 eresbur,
636 3939 681 4003 qui
698 3940 743 3991 siti
759 3948 823 3994 sunt
890 3944 908 3991 4
933 3938 1077 4005 Cucodilis]
1111 3940 1262 3993 Crocodilus
1284 3938 1393 4011 AEgypti

288 4016 359 4068 ultrs
367 4014 822 4078 Tropicuurcauori,duodecisnoir·
860 4015 954 4065 animal
966 4015 1123 4081 quadrupes.
1157 4018 1284 4067 Nascitur
1292 4032 1326 4067 ex
1343 4030 1395 4069 oro

288 4090 356 4141 citer
366 4089 488 4152 gradibus
498 4090 751 4156 eitraiiiquatorenr.
764 4092 822 4143 Au·
860 4092 1039 4157 magnitudine
1065 4094 1107 4144 ori
1132 4092 1256 4143 anserini.
1297 4094 1394 4145 Cetera

289 4170 440 4228 geturrero
459 4166 534 4216 Nilos
553 4167 646 4218 solutis
664 4168 777 4231 uiribus,
793 4172 822 4219 et
861 4180 921 4230 quau
932 4166 1033 4233 deipso
1050 4176 1200 4241 narrantur,
1219 4174 1280 4221 sunt
1295 4167 1394 4232 passini

288 4237 413 4288 imbribus
433 4240 542 4291 assiduis
559 4241 605 4305 qui
623 4242 698 4293 multi
715 4251 778 4293 sunt
793 4244 823 4293 iu
862 4241 945 4293 obvia.
1385 4260 1392 4275 ¹

289 4314 422 4387 AEtbiopir
432 4329 520 4374 mense
537 4316 625 4389 biuios
642 4332 693 4374 nou
705 4320 823 4375 exundat
