3192 4967
225 468 228 474 ¹
290 384 313 454 2
740 396 933 449 amsuonn.

335 542 392 609 Sin
408 562 470 625 age
485 560 561 607 eum
575 540 733 620 Phaedro,
755 548 796 605 ut
815 539 1038 607 Athenienses
1060 546 1096 603 et
1115 538 1262 605 Romani
1283 544 1386 607 terra·

291 664 363 709 rum
376 644 503 709 domini
517 643 672 709 solebant
685 662 782 724 agera
797 664 872 707 cum
888 644 1004 720 servis,
1027 642 1149 724 quibus
1167 644 1253 710 inter
1270 642 1386 709 Satur-

288 746 384 811 nalia
399 745 524 809 dabant
538 744 685 828 aliquam
699 744 835 808 ludendi
862 764 987 821 secum,
1009 743 1178 826 epulandi,
1195 744 1387 828 colloquen-

293 847 340 925 di,
361 845 550 929 imperandi
578 853 786 929 potestatem.
832 844 955 927 Neque
983 864 1074 921 vero,
1106 862 1298 925 quanquam
1327 844 1387 909 ille

294 957 348 1015 est
376 949 578 1015 Fabularum
604 949 739 1034 artilex,
766 948 911 1011 habebis
935 947 1090 1010 comitem
1119 945 1285 1026 iudignum
1309 946 1388 1013 Tui.

294 1052 391 1132 Quot
405 1052 493 1115 euim
507 1050 612 1113 edidit
626 1049 785 1126 Fabulas,
808 1054 860 1111 tot
872 1056 996 1131 satyras
1014 1053 1104 1123 sunt,
1126 1046 1161 1108 iu
1184 1046 1306 1127 quibus
1330 1044 1388 1111 vel

293 1152 508 1219 abstrusioris
538 1151 766 1232 Philosophiae
797 1150 975 1213 utilissima
1003 1150 1120 1231 capita
1143 1147 1387 1230 jucundissime

292 1255 460 1331 tractavit,
481 1252 537 1317 vel
552 1252 674 1317 callide
691 1252 900 1317 adumbravit
919 1252 1028 1327 aetatis
1050 1271 1120 1314 suae
1136 1249 1389 1332 corruptissima

292 1362 457 1439 tempora,
473 1360 506 1417 et
520 1361 659 1418 conatus
673 1358 738 1430 est,
752 1371 903 1418 sermone
917 1352 1039 1418 belluis
1053 1353 1222 1427 attributo,
1236 1351 1389 1415 homiues

294 1456 480 1523 emendare.
527 1454 731 1521 Provocavit
746 1474 805 1517 eos
828 1453 871 1517 ad
895 1452 1005 1535 ipsum
1022 1460 1147 1517 naturae
1174 1453 1331 1530 tribuual,
1352 1459 1391 1519 ut

294 1558 384 1641 quod
397 1560 430 1621 in
445 1577 480 1621 se
490 1556 571 1621 mali
585 1563 643 1621 aut
656 1557 738 1621 boni
753 1556 915 1620 nolebant
926 1573 1117 1634 agnoscere,
1129 1554 1163 1616 id
1177 1556 1210 1617 in
1220 1554 1299 1617 feris
1311 1573 1390 1619 con·

296 1658 451 1741 templati
465 1657 615 1738 sugerent
630 1664 688 1719 aut
702 1662 867 1739 optarent.
912 1654 1002 1719 Nam
1016 1656 1094 1737 quis
1108 1656 1143 1717 in
1163 1675 1257 1733 caue,
1272 1654 1391 1735 fidem3

294 1758 328 1823 in
343 1778 443 1842 agno,
458 1758 653 1837 lenitatem3
676 1759 709 1821 in
723 1757 874 1834 formica,
889 1756 1018 1820 laberis
1042 1755 1277 1819 assiduitatem
1301 1776 1393 1821 ccm-

296 1860 447 1925 meudari
461 1860 594 1939 audiat;
609 1879 672 1922 uec
686 1860 720 1923 in
733 1859 869 1923 homine
884 1859 1019 1922 damnet
1034 1859 1190 1921 continuo
1205 1856 1391 1938 perfidiam,

296 1960 534 2038 crudelitatem,
550 1960 741 2041 ignaviam?
786 1960 858 2024 Aut
873 1960 949 2043 quis
964 1964 1102 2024 accuset
1128 1957 1162 2020 in
1176 1958 1274 2039 lupo,
1294 1977 1393 2042 rapa·

297 2059 446 2141 citatem
463 2061 571 2136 dolos,
581 2060 618 2125 iu
632 2060 751 2143 vulpe;
765 2062 918 2137 mlccne,
928 2059 1116 2138 saevitiam
1131 2079 1192 2125 nec
1201 2060 1270 2127 ista
1279 2060 1394 2125 emnia

295 2159 332 2225 iu
346 2179 451 2231 unum
465 2180 558 2245 saepe
572 2160 736 2227 hominem
751 2161 959 2229 confluxisse
972 2160 1187 2243 indignaturi

340 2259 446 2339 Quod
462 2264 491 2335 si
506 2262 629 2325 referre
644 2263 791 2331 volueris
813 2263 972 2340 animum,
995 2262 1253 2327 Snnnmssuen
1276 2261 1397 2328 Pais·

299 2374 402 2436 (ΜΒ,
424 2360 467 2421 ad
483 2360 561 2421 illas
575 2382 685 2430 terum
704 2364 875 2446 imagines
898 2382 1080 2444 cognosces
1105 2368 1211 2429 totam
1234 2364 1276 2426 de
1298 2357 1396 2429 moriss
1477 2444 1481 2449 .

297 2461 364 2525 bus
392 2456 615 2539 disciplinam,
646 2461 755 2517 totam
778 2456 916 2522 civilem
941 2465 1123 2543 ,seientiam
1151 2466 1194 2524 iis
1222 2465 1396 2541 contineri,

219 2619 226 2629 ,
299 2578 441 2645 quarum
470 2557 574 2621 altera
600 2554 708 2619 vitam
731 2554 836 2619 debet
862 2555 1013 2617 omnium
1041 2557 1232 2635 informare,
1254 2567 1397 2643 utraque

289 2668 405 2727 *tuams
455 2658 575 2739 Cogita
590 2656 688 2733 enim,
706 2656 831 2737 etipse
849 2666 957 2721 tecum
973 2663 1107 2742 reputa,
1122 2661 1204 2739 quot
1218 2664 1251 2723 et
1266 2662 1397 2741 quantis

299 2761 482 2829 virtutibus
506 2760 701 2824 instructum
727 2776 805 2823 essa
830 2757 881 2831 Te
902 2762 1067 2839 oporteat,
1089 2764 1128 2821 ut
1149 2764 1265 2824 teneas
1285 2760 1398 2844 Regni

301 2858 582 2929 christianissimi
598 2858 743 2936 clavum,
768 2864 806 2924 ct
827 2856 983 2925 Parentis
996 2858 1046 2923 tui
1060 2858 1174 2923 sedem
1187 2869 1281 2928 tanta
1294 2862 1399 2945 aequi·

301 2970 372 3031 tae
392 2963 586 3037 stabilitam,
608 2966 661 3023 tet
675 2960 1074 3043 victoriisconspicuam,
1097 2966 1151 3028 tnt
1165 2970 1300 3031 auctam
1313 2963 1398 3033 Pro-

301 3066 434 3131 vinciis.
480 3064 593 3129 Debes
607 3061 659 3125 Te
674 3062 798 3139 Gallis,
819 3081 956 3145 querum
971 3069 1007 3130 ut
1022 3082 1169 3130 summus
1186 3071 1241 3129 est
1260 3066 1295 3135 in
1313 3082 1398 3131 suns

302 3165 415 3247 Reges
430 3183 534 3241 amor,
556 3182 688 3227 sumna
708 3164 892 3240 veneratio,
912 3164 962 3227 ita
988 3182 1153 3230 summam
1178 3184 1318 3232 neeesse
1343 3172 1399 3231 cst

302 3285 379 3343 esse
395 3265 529 3347 Regum
544 3265 578 3328 in
596 3264 747 3347 regendis
761 3264 829 3329 illis
842 3265 1015 3347 pietatem,
1039 3266 1269 3348 integritatem,
1293 3266 1400 3350 aqui·

302 3370 413 3451 tatem.
457 3366 599 3430 Sedebis
614 3366 648 3429 in
671 3366 748 3433 luce
762 3364 922 3447 Europae,
943 3366 978 3428 in
1002 3365 1107 3431 oculis
1130 3366 1310 3430 clarissimi
1331 3366 1400 3431 Im-

248 3491 251 3503 ·
302 3468 399 3550 perii,
422 3474 526 3549 atque
545 3466 732 3531 inauribus
762 3468 988 3533 universarum
1012 3466 1082 3531 late
1105 3468 1247 3547 gentium
1271 3487 1313 3533 ae
1342 3487 1401 3533 ua·

304 3567 429 3631 dunum
459 3570 600 3651 positus.
645 3568 835 3633 Intuebitur
860 3570 895 3633 iu
916 3569 967 3633 Te
995 3567 1197 3631 incredibilis
1218 3568 1343 3633 civium
1363 3575 1401 3633 et

169 3649 176 3753 ’1
303 3668 517 3752 populorum,
540 3689 615 3733 cum
630 3669 810 3747 sociorum,
824 3678 903 3746 ¹tum
925 3670 1030 3735 etiam
1049 3668 1190 3731 bestium
1205 3667 1400 3737 multitudo.

305 3764 516 3837 convertent
530 3789 567 3833 sc
582 3775 658 3833 tuos
680 3768 724 3833 ad
743 3775 844 3835 nutus
859 3769 996 3833 infinitas
1011 3770 1123 3845 urbes,
1145 3770 1401 3838 mnumerabiles

200 3895 202 3899 ’
304 3867 551 3945 Provinciae,ac
565 3870 701 3933 virtutes
712 3890 828 3935 omnes
839 3877 914 3935 tuas
923 3877 1079 3954 tanquam
1087 3889 1135 3935 cx
1147 3870 1242 3935 edito
1253 3871 1401 3954 quodam

304 3967 449 4036 Theatro
471 3971 669 4053 suspicient.

347 4067 493 4135 Accedit
506 4073 549 4140 ad
567 4073 654 4137 hanc
666 4072 903 4155 difficultatem,
915 4074 1401 4151 SununrssfflnDnnsursss,

307 4169 506 4237 susb'ucnda
527 4173 607 4239 Tibi
632 4173 811 4254 Ludovici,
833 4173 929 4238 bello
953 4180 988 4241 at
1009 4195 1094 4260 pace
1117 4174 1276 4254 Maximi,
1296 4173 1401 4253 11111111,
