3192 4967
607 470 612 477 ·
641 455 796 512 FABULA
818 458 861 509 X·

195 598 390 685 cellamque
402 596 540 665 intraret
551 598 687 684 plenam
699 600 799 665 rebus
813 600 962 685 optimis.

196 702 238 769 In
252 722 321 787 qua
333 702 412 766 dnm
426 701 531 766 variis
546 700 754 784 perimuntur
765 701 929 784 reliquiis,

195 802 349 889 Impulso
364 806 455 867 venit
469 804 556 869 ostio
569 801 749 867 Gellarius.
967 850 969 855 .

194 903 275 987 on
289 925 402 968 mures
417 903 594 986 diffugiunt
606 904 743 987 strepitu
759 905 937 989 perterriti,

195 1006 240 1073 Et
251 1009 341 1072 notis
352 1006 452 1072 facile
465 1009 612 1070 urbanus
629 1025 665 1071 se
679 1006 795 1070 condit
810 1008 927 1087 carin

193 1106 243 1173 At
255 1109 368 1186 miser,
383 1111 498 1191 ignota
512 1108 684 1193 trepidans
697 1109 842 1173 rusticus
857 1108 971 1187 domn,

193 1207 393 1293 'limensque
409 1215 557 1286 mortem,
572 1228 633 1291 per
647 1210 789 1293 parietes
805 1209 957 1275 cursitat.

193 1310 255 1389 Ut,
266 1330 345 1394 quae
360 1312 504 1388 volebat,
520 1310 658 1377 sustulit
671 1309 848 1387 Geilurius,

192 1411 390 1495 clausitque
405 1413 517 1488 limen,
533 1412 651 1475 iternrn
665 1411 814 1475 urbanus
830 1411 991 1475 rusticum

191 1513 372 1581 Hortatur:
393 1513 465 1590 ille,
480 1513 683 1597 perturbatis
698 1512 866 1591 sensibus,

60 1679 64 1685 .
191 1616 276 1696 Vix,
290 1618 410 1701 inquit,
427 1634 568 1701 possum
581 1633 704 1697 capere
719 1633 789 1699 prae
803 1618 893 1679 metu
908 1612 1031 1679 cibum.

191 1716 351 1795 Putasne,
364 1719 475 1783 veniet
487 1716 569 1783 illei
615 1712 710 1793 Quid
724 1720 854 1779 tantum
870 1714 990 1779 timesl

191 1818 351 1885 Urbanus
365 1821 490 1903 inquit3
512 1837 576 1901 age
590 1818 738 1884 truamur
750 1816 900 1895 ferculis,

189 1918 280 1998 Quae
295 1920 416 1984 frustra
427 1938 503 1984 rnre
519 1936 664 2002 quaeras,
710 1915 834 1981 Contra
848 1915 1011 1983 rusticus:

188 2020 257 2099 Tn,
272 2022 331 2103 qui
345 2021 461 2084 timere
475 2020 598 2095 nescis,
613 2018 723 2081 fruere
736 2017 790 2079 his
806 2016 982 2098 omnibus3

188 2118 238 2185 At
250 2139 305 2184 me
320 2138 475 2183 securum
487 2124 608 2201 pascat
621 2118 716 2198 glans
732 2123 766 2180 et
777 2117 934 2179 liberum.

232 2220 274 2285 In
287 2226 487 2305 paupertate
502 2225 609 2282 tutum
624 2224 767 2301 praestat
782 2218 906 2295 vivere,

189 2319 303 2400 Quam
315 2321 509 2386 divitiarum
523 2320 617 2404 carpi
631 2319 861 2385 solicitudine.

678 2466 786 2541 nourr

221 2581 334 2632 illatus
351 2580 459 2646 eptinir]
480 2580 543 2632 Vid.
562 2580 595 2632 nd
615 2580 720 2633 Phaedr.
794 2580 923 2645 vallerius]
956 2580 1101 2632 cellararius
1126 2580 1226 2647 reperit
1245 2582 1294 2635 Ni·

187 2658 303 2711 irata
758 2658 1292 2711 lant.inrnoCad.etrlialoea.lctnrnrn

220 2732 376 2800 elapsis]
411 2733 523 2797 Repelriu
547 2734 607 2785 otiis
632 2732 720 2785 Annn.
760 2735 876 2799 adducit,
895 2735 939 2786 ubi
960 2736 998 2785 ita
1018 2734 1172 2787 aberrarunt
1190 2735 1292 2793 κήδη.

186 2809 318 2859 ‘Ostium
353 2806 505 2872 impuirnn'
543 2806 652 2860 Petrnn.
680 2812 718 2859 1⁹.
758 2810 1083 2862 Vid.Brisron.Lexieon.
1143 2880 1147 2891 .

188 2886 251 2940 Vid.
261 2886 332 2938 etad
342 2901 401 2952 cap.
410 2890 451 2938 lt·

597 3182 881 3199 m

596 3200 881 3221 ῃ

620 3423 781 3483 FABULA
811 3424 855 3487 X.

244 3635 246 3641 ’
364 3630 543 3703 Asinus
576 3630 775 3699 DOMINO
806 3629 1102 3749 BLANmuNs.

180 3792 382 3899 ¹Buurrnrlrr
396 3831 534 3898 domino
547 3831 688 3898 Asellus
703 3837 741 3897 nt
753 3832 838 3899 vidit
852 3854 913 3899 suo

677 3998 788 4049 NOTAE

190 4150 194 4158 ,
214 4091 337 4145 Oeeurrit
352 4094 421 4159 spnd
438 4095 611 4147 munierit.
631 4096 713 4149 Anna.
785 4102 799 4146 1
817 4091 1044 4156 Btrndiridesriar]
1060 4091 1191 4143 Dominari
1198 4092 1284 4147 Anon.

181 4182 252 4221 xm.
269 4172 371 4223 Romul.
380 4170 461 4236 (Nil.)
469 4184 517 4222 xv.
528 4172 615 4222 Rem.
632 4171 712 4236 Apud
752 4187 828 4237 qnam
841 4171 1020 4220 infelicitatem
1033 4176 1108 4219 vocat
1119 4169 1218 4221 Niisnt.
1233 4170 1283 4221 At·

183 4246 257 4299 Rom.
266 4247 330 4301 Div.
339 4254 368 4300 et
380 4246 452 4302 mm.
467 4255 509 4300 est
518 4247 565 4300 lib.
576 4262 596 4300 r.
606 4246 661 4301 fab.
673 4253 713 4302 lt.
752 4247 798 4311 qni
808 4248 835 4299 J.
847 4246 961 4297 Gronov.
978 4245 1041 4295 talia
1059 4259 1107 4309 pro
1124 4244 1283 4296 notabilibus

181 4320 262 4375 Soter.
750 4327 780 4373 rt
790 4320 1080 4388 eninmndinceiperet.
1104 4320 1165 4374 Vid.
1176 4320 1283 4375 unuin.
