<?xml version="1.0" encoding="UTF-8"?>
<!DOCTYPE html PUBLIC "-//W3C//DTD XHTML 1.0 Transitional//EN"
    "http://www.w3.org/TR/xhtml1/DTD/xhtml1-transitional.dtd">
<html xmlns="http://www.w3.org/1999/xhtml" xml:lang="en" lang="en">
 <head>
  <title>
</title>
<meta http-equiv="Content-Type" content="text/html;charset=utf-8" />
  <meta name='ocr-system' content='tesseract 3.04.00' />
  <meta name='ocr-capabilities' content='ocr_page ocr_carea ocr_par ocr_line ocrx_word'/>
</head>
<body>
  <div class='ocr_page' id='page_1' title='image "./phaedriaugustil00schwgoog_0027.png"; bbox 0 0 3192 4967; ppageno 0'>
   <div class='ocr_carea' id='block_1_1' title="bbox 658 428 1294 497">
    <p class='ocr_par' dir='ltr' id='par_1_1' title="bbox 658 428 1294 497">
     <span class='ocr_line' id='line_1_1' title="bbox 658 428 1294 497; baseline -0.002 -15"><span class='ocrx_word' id='word_1_1' title='bbox 658 432 823 485; x_wconf 69' lang='lat' dir='ltr'><strong>ruenni.</strong></span> <span class='ocrx_word' id='word_1_2' title='bbox 1248 428 1294 497; x_wconf 68' lang='lat'><strong>13</strong></span> 
     </span>
    </p>
   </div>
   <div class='ocr_carea' id='block_1_2' title="bbox 178 574 1291 2397">
    <p class='ocr_par' dir='ltr' id='par_1_2' title="bbox 186 574 1291 2075">
     <span class='ocr_line' id='line_1_2' title="bbox 195 574 1291 662; baseline 0.012 -20"><span class='ocrx_word' id='word_1_3' title='bbox 195 576 287 662; x_wconf 87' lang='lat' dir='ltr'><strong>quod</strong></span> <span class='ocrx_word' id='word_1_4' title='bbox 300 574 429 653; x_wconf 87' lang='lat' dir='ltr'><strong>volunt,</strong></span> <span class='ocrx_word' id='word_1_5' title='bbox 443 576 501 661; x_wconf 83' lang='lat' dir='ltr'><strong>qni</strong></span> <span class='ocrx_word' id='word_1_6' title='bbox 515 594 614 641; x_wconf 83' lang='lat' dir='ltr'><strong>secus</strong></span> <span class='ocrx_word' id='word_1_7' title='bbox 634 578 785 644; x_wconf 85' lang='lat' dir='ltr'><strong>sentiunt.</strong></span> <span class='ocrx_word' id='word_1_8' title='bbox 831 576 923 644; x_wconf 83' lang='lat' dir='ltr'><strong>Nem</strong></span> <span class='ocrx_word' id='word_1_9' title='bbox 943 584 1031 647; x_wconf 83' lang='lat' dir='ltr'><strong>recte</strong></span> <span class='ocrx_word' id='word_1_10' title='bbox 1051 581 1136 651; x_wconf 87' lang='lat' dir='ltr'><strong>vidit</strong></span> <span class='ocrx_word' id='word_1_11' title='bbox 1156 582 1291 655; x_wconf 78' lang='lat' dir='ltr'><strong>Deehii·</strong></span> 
     </span>
     <span class='ocr_line' id='line_1_3' title="bbox 193 675 1289 769; baseline 0.006 -24"><span class='ocrx_word' id='word_1_12' title='bbox 193 675 330 755; x_wconf 77' lang='lat' dir='ltr'><strong>lunius,k</strong></span> <span class='ocrx_word' id='word_1_13' title='bbox 344 698 383 741; x_wconf 87' lang='lat' dir='ltr'><strong>ea</strong></span> <span class='ocrx_word' id='word_1_14' title='bbox 403 679 451 743; x_wconf 87' lang='lat' dir='ltr'><strong>ita</strong></span> <span class='ocrx_word' id='word_1_15' title='bbox 474 698 546 742; x_wconf 84' lang='lat' dir='ltr'><strong>csse</strong></span> <span class='ocrx_word' id='word_1_16' title='bbox 572 681 834 765; x_wconf 84' lang='lat' dir='ltr'><strong>interpretenda:</strong></span> <span class='ocrx_word' id='word_1_17' title='bbox 861 682 929 756; x_wconf 77' lang='lat' dir='ltr'><strong>Erro</strong></span> <span class='ocrx_word' id='word_1_18' title='bbox 943 683 1045 755; x_wconf 87' lang='lat' dir='ltr'><strong>decus</strong></span> <span class='ocrx_word' id='word_1_19' title='bbox 1060 687 1289 769; x_wconf 76' lang='lat' dir='ltr'><strong>patriaemeae,</strong></span> 
     </span>
     <span class='ocr_line' id='line_1_4' title="bbox 192 781 1290 867; baseline 0.012 -22"><span class='ocrx_word' id='word_1_20' title='bbox 192 783 423 867; x_wconf 76' lang='lat' dir='ltr'><strong>quaeliteratae</strong></span> <span class='ocrx_word' id='word_1_21' title='bbox 439 781 582 847; x_wconf 82' lang='lat' dir='ltr'><strong>Graeciae</strong></span> <span class='ocrx_word' id='word_1_22' title='bbox 602 785 739 867; x_wconf 87' lang='lat' dir='ltr'>propior</span> <span class='ocrx_word' id='word_1_23' title='bbox 762 793 825 859; x_wconf 87' lang='lat' dir='ltr'><strong>est,</strong></span> <span class='ocrx_word' id='word_1_24' title='bbox 841 786 919 848; x_wconf 88' lang='lat' dir='ltr'><strong>noio</strong></span> <span class='ocrx_word' id='word_1_25' title='bbox 942 806 999 866; x_wconf 90' lang='lat' dir='ltr'><strong>per</strong></span> <span class='ocrx_word' id='word_1_26' title='bbox 1023 788 1172 851; x_wconf 85' lang='lat' dir='ltr'><strong>inertiam</strong></span> <span class='ocrx_word' id='word_1_27' title='bbox 1196 789 1290 857; x_wconf 81' lang='lat' dir='ltr'><strong>deee-</strong></span> 
     </span>
     <span class='ocr_line' id='line_1_5' title="bbox 192 882 1291 967; baseline 0.008 -20"><span class='ocrx_word' id='word_1_28' title='bbox 192 892 274 960; x_wconf 79' lang='lat' dir='ltr'><strong>rere,</strong></span> <span class='ocrx_word' id='word_1_29' title='bbox 289 904 363 948; x_wconf 87' lang='lat' dir='ltr'><strong>cum</strong></span> <span class='ocrx_word' id='word_1_30' title='bbox 376 882 535 947; x_wconf 79' lang='lat' dir='ltr'><strong>Threissa</strong></span> <span class='ocrx_word' id='word_1_31' title='bbox 549 904 638 967; x_wconf 84' lang='lat' dir='ltr'><strong>gens,</strong></span> <span class='ocrx_word' id='word_1_32' title='bbox 655 886 809 967; x_wconf 89' lang='lat' dir='ltr'><strong>quamvis</strong></span> <span class='ocrx_word' id='word_1_33' title='bbox 832 907 852 949; x_wconf 84' lang='lat' dir='ltr'><strong>a</strong></span> <span class='ocrx_word' id='word_1_34' title='bbox 876 886 1011 951; x_wconf 87' lang='lat' dir='ltr'><strong>Graecia</strong></span> <span class='ocrx_word' id='word_1_35' title='bbox 1037 890 1084 951; x_wconf 91' lang='lat' dir='ltr'><strong>sit</strong></span> <span class='ocrx_word' id='word_1_36' title='bbox 1109 892 1215 956; x_wconf 88' lang='lat' dir='ltr'><strong>multo</strong></span> <span class='ocrx_word' id='word_1_37' title='bbox 1238 914 1291 961; x_wconf 86' lang='lat' dir='ltr'><strong>re-</strong></span> 
     </span>
     <span class='ocr_line' id='line_1_6' title="bbox 191 987 1290 1072; baseline 0.005 -19"><span class='ocrx_word' id='word_1_38' title='bbox 191 987 325 1063; x_wconf 78' lang='lat' dir='ltr'><strong>metior,</strong></span> <span class='ocrx_word' id='word_1_39' title='bbox 348 1006 426 1051; x_wconf 90' lang='lat' dir='ltr'><strong>suos</strong></span> <span class='ocrx_word' id='word_1_40' title='bbox 455 993 563 1052; x_wconf 89' lang='lat' dir='ltr'><strong>tamen</strong></span> <span class='ocrx_word' id='word_1_41' title='bbox 589 994 755 1064; x_wconf 84' lang='lat' dir='ltr'><strong>auctores,</strong></span> <span class='ocrx_word' id='word_1_42' title='bbox 782 988 901 1051; x_wconf 87' lang='lat' dir='ltr'><strong>Linum</strong></span> <span class='ocrx_word' id='word_1_43' title='bbox 922 997 957 1053; x_wconf 90' lang='lat' dir='ltr'><strong>et</strong></span> <span class='ocrx_word' id='word_1_44' title='bbox 972 989 1117 1072; x_wconf 87' lang='lat' dir='ltr'><strong>Orphea,</strong></span> <span class='ocrx_word' id='word_1_45' title='bbox 1134 1001 1290 1062; x_wconf 78' lang='lat' dir='ltr'><strong>numeret.</strong></span> 
     </span>
     <span class='ocr_line' id='line_1_7' title="bbox 193 1088 1288 1175; baseline 0.005 -22"><span class='ocrx_word' id='word_1_46' title='bbox 193 1088 437 1172; x_wconf 81' lang='lat' dir='ltr'><strong>Nequeetiam,</strong></span> <span class='ocrx_word' id='word_1_47' title='bbox 444 1088 616 1170; x_wconf 82' lang='lat' dir='ltr'><strong>judicante</strong></span> <span class='ocrx_word' id='word_1_48' title='bbox 630 1088 743 1153; x_wconf 87' lang='lat' dir='ltr'><strong>eodem</strong></span> <span class='ocrx_word' id='word_1_49' title='bbox 761 1091 833 1154; x_wconf 88' lang='lat' dir='ltr'><strong>viro</strong></span> <span class='ocrx_word' id='word_1_50' title='bbox 854 1089 965 1167; x_wconf 89' lang='lat' dir='ltr'><strong>docto,</strong></span> <span class='ocrx_word' id='word_1_51' title='bbox 980 1094 1189 1174; x_wconf 79' lang='lat' dir='ltr'><strong>temporibus</strong></span> <span class='ocrx_word' id='word_1_52' title='bbox 1210 1097 1288 1175; x_wconf 76' lang='lat' dir='ltr'><strong>Lini</strong></span> 
     </span>
     <span class='ocr_line' id='line_1_8' title="bbox 192 1188 1288 1274; baseline 0.007 -20"><span class='ocrx_word' id='word_1_53' title='bbox 192 1195 225 1254; x_wconf 87' lang='lat' dir='ltr'><strong>et</strong></span> <span class='ocrx_word' id='word_1_54' title='bbox 253 1188 378 1273; x_wconf 83' lang='lat' dir='ltr'>Orphei</span> <span class='ocrx_word' id='word_1_55' title='bbox 411 1190 644 1253; x_wconf 84' lang='lat' dir='ltr'><strong>Macedoniam</strong></span> <span class='ocrx_word' id='word_1_56' title='bbox 670 1189 824 1256; x_wconf 83' lang='lat' dir='ltr'><strong>Thraciae</strong></span> <span class='ocrx_word' id='word_1_57' title='bbox 857 1200 986 1274; x_wconf 85' lang='lat' dir='ltr'><strong>partein</strong></span> <span class='ocrx_word' id='word_1_58' title='bbox 1014 1192 1118 1259; x_wconf 81' lang='lat' dir='ltr'><strong>fnisse</strong></span> <span class='ocrx_word' id='word_1_59' title='bbox 1146 1198 1288 1270; x_wconf 85' lang='lat' dir='ltr'><strong>credidit</strong></span> 
     </span>
     <span class='ocr_line' id='line_1_9' title="bbox 192 1288 1286 1380; baseline 0.011 -23"><span class='ocrx_word' id='word_1_60' title='bbox 192 1291 364 1357; x_wconf 86' lang='lat' dir='ltr'><strong>Diodorus</strong></span> <span class='ocrx_word' id='word_1_61' title='bbox 393 1293 536 1357; x_wconf 87' lang='lat' dir='ltr'><strong>Siculus.</strong></span> <span class='ocrx_word' id='word_1_62' title='bbox 589 1292 626 1356; x_wconf 88' lang='lat' dir='ltr'><strong>Is</strong></span> <span class='ocrx_word' id='word_1_63' title='bbox 657 1288 765 1370; x_wconf 86' lang='lat' dir='ltr'><strong>enim,¹</strong></span> <span class='ocrx_word' id='word_1_64' title='bbox 797 1292 1027 1371; x_wconf 76' lang='lat' dir='ltr'><strong>Macedonem,</strong></span> <span class='ocrx_word' id='word_1_65' title='bbox 1052 1315 1074 1360; x_wconf 88' lang='lat' dir='ltr'><strong>a</strong></span> <span class='ocrx_word' id='word_1_66' title='bbox 1102 1304 1197 1380; x_wconf 87' lang='lat' dir='ltr'><strong>patre</strong></span> <span class='ocrx_word' id='word_1_67' title='bbox 1223 1321 1286 1369; x_wconf 86' lang='lat' dir='ltr'><strong>eno</strong></span> 
     </span>
     <span class='ocr_line' id='line_1_10' title="bbox 191 1392 1288 1477; baseline 0.006 -18"><span class='ocrx_word' id='word_1_68' title='bbox 191 1393 325 1459; x_wconf 88' lang='lat' dir='ltr'><strong>Osiride</strong></span> <span class='ocrx_word' id='word_1_69' title='bbox 353 1392 432 1459; x_wconf 90' lang='lat' dir='ltr'><strong>huic</strong></span> <span class='ocrx_word' id='word_1_70' title='bbox 455 1394 581 1475; x_wconf 84' lang='lat' dir='ltr'><strong>regioni</strong></span> <span class='ocrx_word' id='word_1_71' title='bbox 607 1396 839 1477; x_wconf 80' lang='lat' dir='ltr'><strong>praepositum,</strong></span> <span class='ocrx_word' id='word_1_72' title='bbox 864 1395 1088 1475; x_wconf 73' lang='lat' dir='ltr'><strong>Macedoniae,</strong></span> <span class='ocrx_word' id='word_1_73' title='bbox 1111 1407 1188 1465; x_wconf 85' lang='lat' dir='ltr'><strong>ante</strong></span> <span class='ocrx_word' id='word_1_74' title='bbox 1208 1402 1288 1470; x_wconf 84' lang='lat' dir='ltr'><strong>Lini</strong></span> 
     </span>
     <span class='ocr_line' id='line_1_11' title="bbox 189 1494 1288 1583; baseline -0.005 -20"><span class='ocrx_word' id='word_1_75' title='bbox 189 1501 223 1564; x_wconf 85' lang='lat' dir='ltr'><strong>et</strong></span> <span class='ocrx_word' id='word_1_76' title='bbox 237 1494 364 1580; x_wconf 87' lang='lat' dir='ltr'><strong>Orphei</strong></span> <span class='ocrx_word' id='word_1_77' title='bbox 379 1501 540 1579; x_wconf 87' lang='lat' dir='ltr'><strong>tempora,</strong></span> <span class='ocrx_word' id='word_1_78' title='bbox 555 1516 675 1565; x_wconf 88' lang='lat' dir='ltr'><strong>nomen</strong></span> <span class='ocrx_word' id='word_1_79' title='bbox 689 1498 833 1573; x_wconf 87' lang='lat' dir='ltr'><strong>dedisse,</strong></span> <span class='ocrx_word' id='word_1_80' title='bbox 849 1498 1017 1562; x_wconf 86' lang='lat' dir='ltr'><strong>memoriae</strong></span> <span class='ocrx_word' id='word_1_81' title='bbox 1034 1501 1188 1583; x_wconf 85' lang='lat' dir='ltr'><strong>prodidit,</strong></span> <span class='ocrx_word' id='word_1_82' title='bbox 1203 1507 1288 1573; x_wconf 73' lang='lat' dir='ltr'><strong>scri.</strong></span> 
     </span>
     <span class='ocr_line' id='line_1_12' title="bbox 188 1597 1284 1679; baseline 0.008 -16"><span class='ocrx_word' id='word_1_83' title='bbox 188 1600 291 1664; x_wconf 83' lang='lat' dir='ltr'><strong>bens:</strong></span> <span class='ocrx_word' id='word_1_84' title='bbox 315 1599 363 1661; x_wconf 75' lang='lat' dir='ltr'><strong>nai</strong></span> <span class='ocrx_word' id='word_1_85' title='bbox 379 1597 528 1662; x_wconf 73' lang='grc' dir='ltr'><strong>Μακεδόνα</strong></span> <span class='ocrx_word' id='word_1_86' title='bbox 541 1599 593 1679; x_wconf 72' lang='grc' dir='ltr'><strong>μὲν</strong></span> <span class='ocrx_word' id='word_1_87' title='bbox 605 1602 651 1664; x_wconf 79' lang='grc' dir='ltr'><strong>τὸν</strong></span> <span class='ocrx_word' id='word_1_88' title='bbox 666 1600 721 1663; x_wconf 77' lang='grc' dir='ltr'><strong><em>οἷὸν</em></strong></span> <span class='ocrx_word' id='word_1_89' title='bbox 737 1602 882 1663; x_wconf 76' lang='grc' dir='ltr'><strong><em>ἀπολιπεῖν</em></strong></span> <span class='ocrx_word' id='word_1_90' title='bbox 902 1597 1030 1672; x_wconf 70' lang='grc' dir='ltr'><strong>βασιλέα</strong></span> <span class='ocrx_word' id='word_1_91' title='bbox 1049 1606 1099 1678; x_wconf 72' lang='grc' dir='ltr'><strong>τῆς</strong></span> <span class='ocrx_word' id='word_1_92' title='bbox 1119 1604 1169 1665; x_wconf 83' lang='lat' dir='ltr'><strong>o’ur&#39;</strong></span> <span class='ocrx_word' id='word_1_93' title='bbox 1182 1604 1284 1671; x_wconf 79' lang='grc' dir='ltr'><strong><em>ίνιείνοο</em></strong></span> 
     </span>
     <span class='ocr_line' id='line_1_13' title="bbox 187 1700 1281 1787; baseline 0.008 -24"><span class='ocrx_word' id='word_1_94' title='bbox 187 1700 451 1787; x_wconf 77' lang='grc' dir='ltr'><strong>προσαγορευθείσης</strong></span> <span class='ocrx_word' id='word_1_95' title='bbox 466 1700 650 1777; x_wconf 68' lang='grc' dir='ltr'><strong><em>Μακεδονίας.</em></strong></span> <span class='ocrx_word' id='word_1_96' title='bbox 686 1702 775 1782; x_wconf 79' lang='lat' dir='ltr'><strong>Quae</strong></span> <span class='ocrx_word' id='word_1_97' title='bbox 790 1723 867 1767; x_wconf 85' lang='lat' dir='ltr'><strong>cum</strong></span> <span class='ocrx_word' id='word_1_98' title='bbox 881 1706 1020 1780; x_wconf 70' lang='lat' dir='ltr'><strong>itasiot,</strong></span> <span class='ocrx_word' id='word_1_99' title='bbox 1037 1704 1200 1771; x_wconf 70' lang='lat' dir='ltr'><strong>Phaedrus</strong></span> <span class='ocrx_word' id='word_1_100' title='bbox 1213 1707 1281 1778; x_wconf 77' lang='lat' dir='ltr'><strong>fuit</strong></span> 
     </span>
     <span class='ocr_line' id='line_1_14' title="bbox 189 1803 1286 1892; baseline -0.004 -25"><span class='ocrx_word' id='word_1_101' title='bbox 189 1803 346 1883; x_wconf 84' lang='lat' dir='ltr'><strong>Macedo,</strong></span> <span class='ocrx_word' id='word_1_102' title='bbox 362 1826 467 1889; x_wconf 88' lang='lat' dir='ltr'><strong>neque</strong></span> <span class='ocrx_word' id='word_1_103' title='bbox 488 1807 601 1888; x_wconf 80' lang='lat' dir='ltr'><strong>magis,</strong></span> <span class='ocrx_word' id='word_1_104' title='bbox 615 1824 715 1889; x_wconf 87' lang='lat' dir='ltr'><strong>qnam</strong></span> <span class='ocrx_word' id='word_1_105' title='bbox 728 1805 907 1881; x_wconf 81' lang='lat' dir='ltr'><strong>Pindarus,</strong></span> <span class='ocrx_word' id='word_1_106' title='bbox 922 1804 1049 1867; x_wconf 74' lang='lat' dir='ltr'><strong>Thebis</strong></span> <span class='ocrx_word' id='word_1_107' title='bbox 1060 1810 1169 1883; x_wconf 86' lang='lat' dir='ltr'><strong>natus,</strong></span> <span class='ocrx_word' id='word_1_108' title='bbox 1183 1826 1286 1892; x_wconf 77' lang='lat' dir='ltr'><strong>prop.</strong></span> 
     </span>
     <span class='ocr_line' id='line_1_15' title="bbox 187 1906 1284 1992; baseline 0.005 -21"><span class='ocrx_word' id='word_1_109' title='bbox 187 1910 277 1971; x_wconf 82' lang='lat' dir='ltr'><strong>terea</strong></span> <span class='ocrx_word' id='word_1_110' title='bbox 291 1908 405 1987; x_wconf 82' lang='lat' dir='ltr'><strong>Thrax</strong></span> <span class='ocrx_word' id='word_1_111' title='bbox 421 1908 489 1972; x_wconf 91' lang='lat' dir='ltr'><strong>dici</strong></span> <span class='ocrx_word' id='word_1_112' title='bbox 504 1911 626 1992; x_wconf 87' lang='lat' dir='ltr'><strong>potest,</strong></span> <span class='ocrx_word' id='word_1_113' title='bbox 639 1906 730 1990; x_wconf 88' lang='lat' dir='ltr'><strong>qnod</strong></span> <span class='ocrx_word' id='word_1_114' title='bbox 744 1906 887 1970; x_wconf 78' lang='lat' dir='ltr'><strong>Strabom</strong></span> <span class='ocrx_word' id='word_1_115' title='bbox 900 1906 1034 1988; x_wconf 87' lang='lat' dir='ltr'><strong>scriptis</strong></span> <span class='ocrx_word' id='word_1_116' title='bbox 1048 1906 1121 1971; x_wconf 86' lang='lat' dir='ltr'><strong>suis</strong></span> <span class='ocrx_word' id='word_1_117' title='bbox 1135 1908 1284 1991; x_wconf 82' lang='lat' dir='ltr'><strong>tradidit,</strong></span> 
     </span>
     <span class='ocr_line' id='line_1_16' title="bbox 186 2006 785 2075; baseline -0.005 -2"><span class='ocrx_word' id='word_1_118' title='bbox 186 2006 334 2075; x_wconf 82' lang='lat' dir='ltr'><strong>Thraces</strong></span> <span class='ocrx_word' id='word_1_119' title='bbox 347 2012 426 2075; x_wconf 91' lang='lat' dir='ltr'><strong>olim</strong></span> <span class='ocrx_word' id='word_1_120' title='bbox 444 2011 588 2074; x_wconf 86' lang='lat' dir='ltr'><strong>tenuisse</strong></span> <span class='ocrx_word' id='word_1_121' title='bbox 603 2009 785 2072; x_wconf 88' lang='lat' dir='ltr'><strong>Boeotiam.</strong></span> 
     </span>
    </p>

    <p class='ocr_par' dir='ltr' id='par_1_3' title="bbox 178 2108 1285 2397">
     <span class='ocr_line' id='line_1_17' title="bbox 186 2108 1285 2195; baseline 0.008 -22"><span class='ocrx_word' id='word_1_122' title='bbox 186 2154 188 2161; x_wconf 28' lang='grc' dir='ltr'><strong><em>ε</em></strong></span> <span class='ocrx_word' id='word_1_123' title='bbox 229 2109 390 2189; x_wconf 87' lang='lat' dir='ltr'><strong>Fuerunt,</strong></span> <span class='ocrx_word' id='word_1_124' title='bbox 406 2114 464 2195; x_wconf 86' lang='lat' dir='ltr'><strong>qui</strong></span> <span class='ocrx_word' id='word_1_125' title='bbox 481 2113 602 2177; x_wconf 86' lang='lat' dir='ltr'><strong>verba:</strong></span> <span class='ocrx_word' id='word_1_126' title='bbox 626 2115 637 2143; x_wconf 89' lang='lat'>‘</span> <span class='ocrx_word' id='word_1_127' title='bbox 653 2110 737 2191; x_wconf 86' lang='lat' dir='ltr'><strong>Ego,</strong></span> <span class='ocrx_word' id='word_1_128' title='bbox 753 2128 852 2192; x_wconf 87' lang='lat' dir='ltr'><strong>quern</strong></span> <span class='ocrx_word' id='word_1_129' title='bbox 868 2108 980 2175; x_wconf 85' lang='lat' dir='ltr'><strong>Pierio</strong></span> <span class='ocrx_word' id='word_1_130' title='bbox 996 2115 1100 2175; x_wconf 84' lang='lat' dir='ltr'><strong>meter</strong></span> <span class='ocrx_word' id='word_1_131' title='bbox 1113 2110 1216 2177; x_wconf 86' lang='lat' dir='ltr'><strong>enixa</strong></span> <span class='ocrx_word' id='word_1_132' title='bbox 1230 2120 1285 2183; x_wconf 86' lang='lat' dir='ltr'><strong>est</strong></span> 
     </span>
     <span class='ocr_line' id='line_1_18' title="bbox 180 2208 1284 2297; baseline 0.004 -24"><span class='ocrx_word' id='word_1_133' title='bbox 180 2208 278 2294; x_wconf 81' lang='lat' dir='ltr'><strong>jugo,</strong></span> <span class='ocrx_word' id='word_1_134' title='bbox 280 2210 289 2236; x_wconf 88' lang='lat'>’</span> <span class='ocrx_word' id='word_1_135' title='bbox 303 2214 484 2297; x_wconf 85' lang='lat' dir='ltr'><strong>improprie</strong></span> <span class='ocrx_word' id='word_1_136' title='bbox 499 2217 534 2277; x_wconf 91' lang='lat' dir='ltr'><strong>et</strong></span> <span class='ocrx_word' id='word_1_137' title='bbox 550 2210 683 2294; x_wconf 82' lang='lat' dir='ltr'><strong>poiitice</strong></span> <span class='ocrx_word' id='word_1_138' title='bbox 698 2231 720 2274; x_wconf 86' lang='lat' dir='ltr'><strong>a</strong></span> <span class='ocrx_word' id='word_1_139' title='bbox 742 2209 888 2277; x_wconf 88' lang='lat' dir='ltr'><strong>Pheedro</strong></span> <span class='ocrx_word' id='word_1_140' title='bbox 903 2209 971 2276; x_wconf 91' lang='lat' dir='ltr'><strong>dici</strong></span> <span class='ocrx_word' id='word_1_141' title='bbox 992 2215 1158 2295; x_wconf 83' lang='lat' dir='ltr'><strong>putarent.</strong></span> <span class='ocrx_word' id='word_1_142' title='bbox 1158 2220 1174 2250; x_wconf 86' lang='lat'><strong>¹¹</strong></span> <span class='ocrx_word' id='word_1_143' title='bbox 1215 2214 1284 2281; x_wconf 87' lang='lat' dir='ltr'><strong>Sed</strong></span> 
     </span>
     <span class='ocr_line' id='line_1_19' title="bbox 178 2310 1284 2397; baseline 0 -20"><span class='ocrx_word' id='word_1_144' title='bbox 178 2310 260 2397; x_wconf 86' lang='lat' dir='ltr'><strong>jam</strong></span> <span class='ocrx_word' id='word_1_145' title='bbox 274 2316 356 2379; x_wconf 89' lang='lat' dir='ltr'><strong>olim</strong></span> <span class='ocrx_word' id='word_1_146' title='bbox 377 2314 609 2379; x_wconf 84' lang='lat' dir='ltr'><strong>animadvertit</strong></span> <span class='ocrx_word' id='word_1_147' title='bbox 634 2313 829 2390; x_wconf 86' lang='lat' dir='ltr'><strong>Funccius,⁰</strong></span> <span class='ocrx_word' id='word_1_148' title='bbox 848 2314 924 2379; x_wconf 86' lang='lat' dir='ltr'><strong>haec</strong></span> <span class='ocrx_word' id='word_1_149' title='bbox 948 2314 997 2377; x_wconf 81' lang='lat' dir='ltr'><strong>ita</strong></span> <span class='ocrx_word' id='word_1_150' title='bbox 1020 2313 1192 2375; x_wconf 85' lang='lat' dir='ltr'><strong>intellecta</strong></span> <span class='ocrx_word' id='word_1_151' title='bbox 1216 2332 1284 2379; x_wconf 90' lang='lat' dir='ltr'><strong>non</strong></span> 
     </span>
    </p>
   </div>
   <div class='ocr_carea' id='block_1_3' title="bbox 176 2405 1284 2593">
    <p class='ocr_par' dir='ltr' id='par_1_4' title="bbox 176 2405 1284 2593">
     <span class='ocr_line' id='line_1_20' title="bbox 183 2405 1284 2496; baseline 0.003 -19"><span class='ocrx_word' id='word_1_152' title='bbox 183 2420 263 2496; x_wconf 89' lang='lat' dir='ltr'><strong>apte</strong></span> <span class='ocrx_word' id='word_1_153' title='bbox 276 2418 443 2485; x_wconf 86' lang='lat' dir='ltr'><strong>cohaerere</strong></span> <span class='ocrx_word' id='word_1_154' title='bbox 460 2435 535 2477; x_wconf 90' lang='lat' dir='ltr'><strong>curn</strong></span> <span class='ocrx_word' id='word_1_155' title='bbox 561 2415 788 2496; x_wconf 79' lang='lat' dir='ltr'><strong>sequentibus.</strong></span> <span class='ocrx_word' id='word_1_156' title='bbox 832 2414 918 2467; x_wconf 79' lang='lat' dir='ltr'><strong>Ome</strong></span> <span class='ocrx_word' id='word_1_157' title='bbox 940 2412 1028 2467; x_wconf 84' lang='lat' dir='ltr'><strong>enirn</strong></span> <span class='ocrx_word' id='word_1_158' title='bbox 1055 2405 1232 2490; x_wconf 81' lang='lat' dir='ltr'><strong>Phaedrus,</strong></span> <span class='ocrx_word' id='word_1_159' title='bbox 1246 2432 1284 2479; x_wconf 83' lang='lat' dir='ltr'><strong>se</strong></span> 
     </span>
     <span class='ocr_line' id='line_1_21' title="bbox 176 2488 1281 2593; baseline -0.003 -22"><span class='ocrx_word' id='word_1_160' title='bbox 176 2562 180 2571; x_wconf 93' lang='lat'><strong>.</strong></span> <span class='ocrx_word' id='word_1_161' title='bbox 181 2515 332 2593; x_wconf 78' lang='lat' dir='ltr'><strong>‘inipso</strong></span> <span class='ocrx_word' id='word_1_162' title='bbox 348 2514 465 2572; x_wconf 84' lang='lat' dir='ltr'><strong>schola</strong></span> <span class='ocrx_word' id='word_1_163' title='bbox 486 2510 607 2572; x_wconf 82' lang='lat' dir='ltr'><strong>nanim&#39;</strong></span> <span class='ocrx_word' id='word_1_164' title='bbox 630 2525 712 2579; x_wconf 84' lang='lat' dir='ltr'><strong>esse,</strong></span> <span class='ocrx_word' id='word_1_165' title='bbox 728 2504 852 2580; x_wconf 54' lang='lat' dir='ltr'><strong>dicatu</strong></span> <span class='ocrx_word' id='word_1_166' title='bbox 875 2488 986 2566; x_wconf 73' lang='lat' dir='ltr'><strong>Musae</strong></span> <span class='ocrx_word' id='word_1_167' title='bbox 1012 2510 1135 2584; x_wconf 88' lang='lat' dir='ltr'><strong>autern,</strong></span> <span class='ocrx_word' id='word_1_168' title='bbox 1158 2512 1281 2582; x_wconf 80' lang='lat' dir='ltr'><strong>artium</strong></span> 
     </span>
    </p>
   </div>
   <div class='ocr_carea' id='block_1_4' title="bbox 181 2602 1283 3593">
    <p class='ocr_par' dir='ltr' id='par_1_5' title="bbox 181 2602 1283 3593">
     <span class='ocr_line' id='line_1_22' title="bbox 182 2602 1283 2685; baseline -0.007 -6"><span class='ocrx_word' id='word_1_169' title='bbox 182 2614 330 2685; x_wconf 80' lang='lat' dir='ltr'><strong>omnium</strong></span> <span class='ocrx_word' id='word_1_170' title='bbox 341 2615 374 2672; x_wconf 90' lang='lat' dir='ltr'><strong>et</strong></span> <span class='ocrx_word' id='word_1_171' title='bbox 387 2610 556 2671; x_wconf 87' lang='lat' dir='ltr'><strong>literarum</strong></span> <span class='ocrx_word' id='word_1_172' title='bbox 573 2602 695 2678; x_wconf 83' lang='lat' dir='ltr'><strong>Dece,</strong></span> <span class='ocrx_word' id='word_1_173' title='bbox 685 2621 720 2665; x_wconf 87' lang='lat' dir='ltr'><strong>rn</strong></span> <span class='ocrx_word' id='word_1_174' title='bbox 734 2608 843 2665; x_wconf 85' lang='lat' dir='ltr'><strong>monte</strong></span> <span class='ocrx_word' id='word_1_175' title='bbox 866 2602 967 2668; x_wconf 88' lang='lat' dir='ltr'><strong>Piero</strong></span> <span class='ocrx_word' id='word_1_176' title='bbox 982 2605 1193 2677; x_wconf 83' lang='lat' dir='ltr'><strong>crederentur</strong></span> <span class='ocrx_word' id='word_1_177' title='bbox 1205 2632 1283 2681; x_wconf 72' lang='lat' dir='ltr'><strong>esse</strong></span> 
     </span>
     <span class='ocr_line' id='line_1_23' title="bbox 181 2701 1283 2798; baseline -0.004 -19"><span class='ocrx_word' id='word_1_178' title='bbox 181 2714 320 2798; x_wconf 77' lang='lat' dir='ltr'><strong>geuitae3</strong></span> <span class='ocrx_word' id='word_1_179' title='bbox 342 2706 562 2781; x_wconf 66' lang='lat' dir='ltr'><strong>sentences,</strong></span> <span class='ocrx_word' id='word_1_180' title='bbox 589 2701 888 2783; x_wconf 82' lang='lat' dir='ltr'><strong>Pagenstechernm</strong></span> <span class='ocrx_word' id='word_1_181' title='bbox 911 2710 947 2767; x_wconf 90' lang='lat' dir='ltr'><strong>et</strong></span> <span class='ocrx_word' id='word_1_182' title='bbox 972 2706 1063 2770; x_wconf 79' lang='lat' dir='ltr'><strong>viros</strong></span> <span class='ocrx_word' id='word_1_183' title='bbox 1081 2707 1210 2791; x_wconf 79' lang='lat' dir='ltr'><strong>doctos,</strong></span> <span class='ocrx_word' id='word_1_184' title='bbox 1223 2716 1283 2797; x_wconf 83' lang='lat' dir='ltr'><strong>qni</strong></span> 
     </span>
     <span class='ocr_line' id='line_1_24' title="bbox 182 2802 1281 2893; baseline 0.001 -13"><span class='ocrx_word' id='word_1_185' title='bbox 182 2815 463 2893; x_wconf 76' lang='lat' dir='ltr'><strong>eum-sequuntur,</strong></span> <span class='ocrx_word' id='word_1_186' title='bbox 478 2824 543 2869; x_wconf 92' lang='lat' dir='ltr'><strong>non</strong></span> <span class='ocrx_word' id='word_1_187' title='bbox 563 2822 640 2869; x_wconf 85' lang='lat' dir='ltr'><strong>esse</strong></span> <span class='ocrx_word' id='word_1_188' title='bbox 660 2802 857 2867; x_wconf 86' lang='lat' dir='ltr'><strong>audiendos.</strong></span> <span class='ocrx_word' id='word_1_189' title='bbox 902 2804 1006 2869; x_wconf 86' lang='lat' dir='ltr'><strong>Istam</strong></span> <span class='ocrx_word' id='word_1_190' title='bbox 1025 2806 1281 2890; x_wconf 84' lang='lat' dir='ltr'><strong>Pagenstecheri</strong></span> 
     </span>
     <span class='ocr_line' id='line_1_25' title="bbox 182 2902 1280 2989; baseline -0.001 -9"><span class='ocrx_word' id='word_1_191' title='bbox 182 2915 381 2989; x_wconf 84' lang='lat' dir='ltr'><strong>septentiam</strong></span> <span class='ocrx_word' id='word_1_192' title='bbox 396 2908 437 2973; x_wconf 81' lang='lat' dir='ltr'><strong>cl·</strong></span> <span class='ocrx_word' id='word_1_193' title='bbox 451 2907 582 2973; x_wconf 79' lang='lat' dir='ltr'><strong>Jacobs</strong></span> <span class='ocrx_word' id='word_1_194' title='bbox 597 2906 632 2967; x_wconf 90' lang='lat' dir='ltr'><strong>in</strong></span> <span class='ocrx_word' id='word_1_195' title='bbox 648 2902 878 2973; x_wconf 83' lang='lat' dir='ltr'><strong>dissertatione</strong></span> <span class='ocrx_word' id='word_1_196' title='bbox 895 2905 1064 2985; x_wconf 86' lang='lat' dir='ltr'><strong>peculiari</strong></span> <span class='ocrx_word' id='word_1_197' title='bbox 1085 2908 1129 2973; x_wconf 88' lang='lat' dir='ltr'><strong>de</strong></span> <span class='ocrx_word' id='word_1_198' title='bbox 1148 2910 1280 2979; x_wconf 81' lang='lat' dir='ltr'><strong>fabula·</strong></span> 
     </span>
     <span class='ocr_line' id='line_1_26' title="bbox 181 3002 1280 3093; baseline -0.008 -11"><span class='ocrx_word' id='word_1_199' title='bbox 181 3017 307 3081; x_wconf 85' lang='lat' dir='ltr'><strong>torihus</strong></span> <span class='ocrx_word' id='word_1_200' title='bbox 323 3013 450 3077; x_wconf 89' lang='lat' dir='ltr'><strong>Latinis</strong></span> <span class='ocrx_word' id='word_1_201' title='bbox 464 3008 570 3093; x_wconf 90' lang='lat' dir='ltr'><strong>(Vide</strong></span> <span class='ocrx_word' id='word_1_202' title='bbox 586 3002 778 3085; x_wconf 77' lang='lat' dir='ltr'><strong>Nachtr&#39;age</strong></span> <span class='ocrx_word' id='word_1_203' title='bbox 797 3023 839 3069; x_wconf 80' lang='lat' dir='ltr'><strong>an</strong></span> <span class='ocrx_word' id='word_1_204' title='bbox 855 3004 989 3070; x_wconf 82' lang='lat' dir='ltr'><strong>Suizers</strong></span> <span class='ocrx_word' id='word_1_205' title='bbox 1001 3005 1156 3089; x_wconf 77' lang='lat' dir='ltr'><strong>Theona,</strong></span> <span class='ocrx_word' id='word_1_206' title='bbox 1171 3012 1212 3079; x_wconf 88' lang='lat' dir='ltr'><strong>T.</strong></span> <span class='ocrx_word' id='word_1_207' title='bbox 1228 3031 1280 3080; x_wconf 86' lang='lat' dir='ltr'><strong>vr.</strong></span> 
     </span>
     <span class='ocr_line' id='line_1_27' title="bbox 181 3105 1280 3198; baseline -0.013 -19"><span class='ocrx_word' id='word_1_208' title='bbox 181 3116 225 3188; x_wconf 81' lang='lat' dir='ltr'><strong>B.</strong></span> <span class='ocrx_word' id='word_1_209' title='bbox 236 3133 265 3179; x_wconf 79' lang='grc' dir='ltr'><strong>ι.</strong></span> <span class='ocrx_word' id='word_1_210' title='bbox 278 3136 313 3198; x_wconf 92' lang='lat' dir='ltr'><strong>p.</strong></span> <span class='ocrx_word' id='word_1_211' title='bbox 328 3111 402 3195; x_wconf 84' lang='grc'><strong>84.)</strong></span> <span class='ocrx_word' id='word_1_212' title='bbox 416 3112 465 3177; x_wconf 89' lang='lat' dir='ltr'><strong>sic</strong></span> <span class='ocrx_word' id='word_1_213' title='bbox 480 3108 644 3174; x_wconf 84' lang='lat' dir='ltr'><strong>confutat:</strong></span> <span class='ocrx_word' id='word_1_214' title='bbox 667 3105 899 3188; x_wconf 70' lang='lat' dir='ltr'><strong>‘Diejenigeu</strong></span> <span class='ocrx_word' id='word_1_215' title='bbox 915 3107 1039 3178; x_wconf 82' lang='lat' dir='ltr'><strong>welche</strong></span> <span class='ocrx_word' id='word_1_216' title='bbox 1053 3108 1168 3176; x_wconf 78' lang='lat' dir='ltr'><strong>diesen</strong></span> <span class='ocrx_word' id='word_1_217' title='bbox 1178 3112 1280 3184; x_wconf 70' lang='lat' dir='ltr'><strong>Wor.</strong></span> 
     </span>
     <span class='ocr_line' id='line_1_28' title="bbox 181 3206 1278 3301; baseline -0.005 -19"><span class='ocrx_word' id='word_1_218' title='bbox 181 3213 437 3301; x_wconf 87' lang='lat' dir='ltr'><strong>ten(Prol.111.</strong></span> <span class='ocrx_word' id='word_1_219' title='bbox 460 3206 527 3291; x_wconf 81' lang='lat'><strong>17.)</strong></span> <span class='ocrx_word' id='word_1_220' title='bbox 541 3210 637 3271; x_wconf 88' lang='lat' dir='ltr'><strong>einen</strong></span> <span class='ocrx_word' id='word_1_221' title='bbox 657 3206 947 3287; x_wconf 84' lang='lat' dir='ltr'><strong>metaphorisohen</strong></span> <span class='ocrx_word' id='word_1_222' title='bbox 968 3208 1050 3273; x_wconf 90' lang='lat' dir='ltr'><strong>Sinn</strong></span> <span class='ocrx_word' id='word_1_223' title='bbox 1071 3212 1278 3297; x_wconf 84' lang='lat' dir='ltr'><strong>unterlegen,</strong></span> 
     </span>
     <span class='ocr_line' id='line_1_29' title="bbox 181 3308 1277 3392; baseline -0.016 -9"><span class='ocrx_word' id='word_1_224' title='bbox 181 3318 288 3383; x_wconf 88' lang='lat' dir='ltr'><strong>haben</strong></span> <span class='ocrx_word' id='word_1_225' title='bbox 302 3317 366 3379; x_wconf 90' lang='lat' dir='ltr'><strong>den</strong></span> <span class='ocrx_word' id='word_1_226' title='bbox 382 3312 672 3390; x_wconf 85' lang='lat' dir='ltr'><strong>Zusammenhang</strong></span> <span class='ocrx_word' id='word_1_227' title='bbox 693 3308 787 3372; x_wconf 91' lang='lat' dir='ltr'><strong>nicht</strong></span> <span class='ocrx_word' id='word_1_228' title='bbox 810 3308 947 3391; x_wconf 79' lang='lat' dir='ltr'><strong>gehdrig</strong></span> <span class='ocrx_word' id='word_1_229' title='bbox 969 3328 1135 3392; x_wconf 84' lang='lat' dir='ltr'><strong>erwogen.</strong></span> <span class='ocrx_word' id='word_1_230' title='bbox 1179 3314 1277 3381; x_wconf 72' lang='lat' dir='ltr'><strong>Phae.</strong></span> 
     </span>
     <span class='ocr_line' id='line_1_30' title="bbox 182 3409 1277 3499; baseline 0 -16"><span class='ocrx_word' id='word_1_231' title='bbox 182 3418 263 3483; x_wconf 88' lang='lat' dir='ltr'><strong>drus</strong></span> <span class='ocrx_word' id='word_1_232' title='bbox 272 3416 430 3499; x_wconf 82' lang='lat' dir='ltr'><strong>frihrtdie</strong></span> <span class='ocrx_word' id='word_1_233' title='bbox 442 3412 592 3487; x_wconf 85' lang='lat' dir='ltr'><strong>Griinde,</strong></span> <span class='ocrx_word' id='word_1_234' title='bbox 602 3412 657 3474; x_wconf 89' lang='lat' dir='ltr'><strong>die</strong></span> <span class='ocrx_word' id='word_1_235' title='bbox 670 3412 761 3476; x_wconf 84' lang='lat' dir='ltr'><strong>scine</strong></span> <span class='ocrx_word' id='word_1_236' title='bbox 776 3409 974 3492; x_wconf 86' lang='lat' dir='ltr'><strong>Anspriiche</strong></span> <span class='ocrx_word' id='word_1_237' title='bbox 989 3412 1051 3475; x_wconf 82' lang='lat' dir='ltr'><strong>ant</strong></span> <span class='ocrx_word' id='word_1_238' title='bbox 1061 3412 1125 3477; x_wconf 90' lang='lat' dir='ltr'><strong>den</strong></span> <span class='ocrx_word' id='word_1_239' title='bbox 1141 3414 1277 3483; x_wconf 84' lang='lat' dir='ltr'><strong>Numen</strong></span> 
     </span>
     <span class='ocr_line' id='line_1_31' title="bbox 181 3508 1276 3593; baseline -0.001 -8"><span class='ocrx_word' id='word_1_240' title='bbox 181 3521 271 3585; x_wconf 87' lang='lat' dir='ltr'><strong>eines</strong></span> <span class='ocrx_word' id='word_1_241' title='bbox 298 3516 455 3582; x_wconf 86' lang='lat' dir='ltr'><strong>Dichters</strong></span> <span class='ocrx_word' id='word_1_242' title='bbox 482 3511 708 3593; x_wconf 83' lang='lat' dir='ltr'><strong>hegiinstigen,</strong></span> <span class='ocrx_word' id='word_1_243' title='bbox 732 3508 792 3575; x_wconf 89' lang='lat' dir='ltr'><strong>der</strong></span> <span class='ocrx_word' id='word_1_244' title='bbox 823 3510 931 3576; x_wconf 81' lang='lat' dir='ltr'><strong>Reihe</strong></span> <span class='ocrx_word' id='word_1_245' title='bbox 957 3514 1044 3578; x_wconf 90' lang='lat' dir='ltr'><strong>nach</strong></span> <span class='ocrx_word' id='word_1_246' title='bbox 1072 3534 1124 3580; x_wconf 85' lang='lat' dir='ltr'><strong>an.</strong></span> <span class='ocrx_word' id='word_1_247' title='bbox 1153 3516 1276 3584; x_wconf 86' lang='lat' dir='ltr'><strong>Scinen</strong></span> 
     </span>
    </p>
   </div>
   <div class='ocr_carea' id='block_1_5' title="bbox 552 3702 779 3762">
    <p class='ocr_par' dir='ltr' id='par_1_6' title="bbox 552 3702 779 3762">
     <span class='ocr_line' id='line_1_32' title="bbox 552 3702 779 3762; baseline 0 -9"><span class='ocrx_word' id='word_1_248' title='bbox 552 3755 556 3762; x_wconf 66' lang='grc'><strong>,</strong></span> <span class='ocrx_word' id='word_1_249' title='bbox 673 3702 779 3753; x_wconf 78' lang='lat' dir='ltr'>NOTAE</span> 
     </span>
    </p>
   </div>
   <div class='ocr_carea' id='block_1_6' title="bbox 181 3831 1353 4277">
    <p class='ocr_par' dir='ltr' id='par_1_7' title="bbox 181 3831 1353 4277">
     <span class='ocr_line' id='line_1_33' title="bbox 214 3831 1353 3899; baseline -0.004 -12"><span class='ocrx_word' id='word_1_250' title='bbox 214 3836 300 3887; x_wconf 62' lang='lat' dir='ltr'><strong>*via</strong></span> <span class='ocrx_word' id='word_1_251' title='bbox 309 3837 328 3885; x_wconf 91' lang='grc'><strong>1.</strong></span> <span class='ocrx_word' id='word_1_252' title='bbox 338 3850 362 3885; x_wconf 86' lang='lat' dir='ltr'><strong>e.</strong></span> <span class='ocrx_word' id='word_1_253' title='bbox 372 3851 398 3899; x_wconf 88' lang='lat' dir='ltr'><strong>p.</strong></span> <span class='ocrx_word' id='word_1_254' title='bbox 407 3848 435 3884; x_wconf 83' lang='grc' dir='ltr'><strong>ν.</strong></span> <span class='ocrx_word' id='word_1_255' title='bbox 691 3843 695 3849; x_wconf 91' lang='lat'>·</span> <span class='ocrx_word' id='word_1_256' title='bbox 747 3845 792 3881; x_wconf 81' lang='lat' dir='ltr'><strong>nur</strong></span> <span class='ocrx_word' id='word_1_257' title='bbox 810 3831 984 3881; x_wconf 83' lang='lat' dir='ltr'><strong>inludicead</strong></span> <span class='ocrx_word' id='word_1_258' title='bbox 1001 3832 1072 3881; x_wconf 86' lang='lat' dir='ltr'><strong>Edit.</strong></span> <span class='ocrx_word' id='word_1_259' title='bbox 1089 3831 1204 3894; x_wconf 72' lang='lat' dir='ltr'><strong>Phaedri,</strong></span> <span class='ocrx_word' id='word_1_260' title='bbox 1219 3845 1277 3883; x_wconf 82' lang='lat' dir='ltr'><strong>voc.</strong></span> <span class='ocrx_word' id='word_1_261' title='bbox 1351 3861 1353 3864; x_wconf 95' lang='lat'>-</span> 
     </span>
     <span class='ocr_line' id='line_1_34' title="bbox 213 3906 1283 3975; baseline -0.005 -13"><span class='ocrx_word' id='word_1_262' title='bbox 213 3912 222 3975; x_wconf 60' lang='lat'>1</span> <span class='ocrx_word' id='word_1_263' title='bbox 237 3913 296 3962; x_wconf 64' lang='grc' dir='ltr'><strong>ΤΛ.</strong></span> <span class='ocrx_word' id='word_1_264' title='bbox 306 3916 347 3960; x_wconf 78' lang='grc'><strong>80.</strong></span> <span class='ocrx_word' id='word_1_265' title='bbox 361 3926 387 3973; x_wconf 90' lang='lat' dir='ltr'><strong>p.</strong></span> <span class='ocrx_word' id='word_1_266' title='bbox 398 3914 438 3959; x_wconf 83' lang='grc'><strong>28.</strong></span> <span class='ocrx_word' id='word_1_267' title='bbox 450 3907 521 3957; x_wconf 83' lang='lat' dir='ltr'><strong>Edit.</strong></span> <span class='ocrx_word' id='word_1_268' title='bbox 533 3906 687 3970; x_wconf 77' lang='lat' dir='ltr'><strong>Wecsetiug.</strong></span> <span class='ocrx_word' id='word_1_269' title='bbox 746 3908 850 3957; x_wconf 80' lang='lat' dir='ltr'><strong>Pierius</strong></span> <span class='ocrx_word' id='word_1_270' title='bbox 866 3909 898 3957; x_wconf 83' lang='lat' dir='ltr'><strong>C.</strong></span> <span class='ocrx_word' id='word_1_271' title='bbox 920 3906 955 3957; x_wconf 86' lang='grc' dir='ltr'><strong>Η.</strong></span> <span class='ocrx_word' id='word_1_272' title='bbox 972 3907 1087 3958; x_wconf 83' lang='lat' dir='ltr'><strong>Schmid.</strong></span> <span class='ocrx_word' id='word_1_273' title='bbox 1099 3909 1125 3955; x_wconf 91' lang='lat' dir='ltr'><strong>in</strong></span> <span class='ocrx_word' id='word_1_274' title='bbox 1138 3908 1203 3957; x_wconf 89' lang='lat' dir='ltr'><strong>Not.</strong></span> <span class='ocrx_word' id='word_1_275' title='bbox 1213 3910 1230 3957; x_wconf 88' lang='grc'><strong>1.</strong></span> <span class='ocrx_word' id='word_1_276' title='bbox 1243 3910 1283 3957; x_wconf 73' lang='grc' dir='ltr'><strong>ιο</strong></span> 
     </span>
     <span class='ocr_line' id='line_1_35' title="bbox 211 3976 1274 4055; baseline -0.001 -20"><span class='ocrx_word' id='word_1_277' title='bbox 211 3976 231 4055; x_wconf 40' lang='grc'><strong>181</strong></span> <span class='ocrx_word' id='word_1_278' title='bbox 247 3976 363 4050; x_wconf 54' lang='grc'><strong>1108811.</strong></span> <span class='ocrx_word' id='word_1_279' title='bbox 374 3982 419 4032; x_wconf 80' lang='grc' dir='ltr'><strong>Τόν</strong></span> <span class='ocrx_word' id='word_1_280' title='bbox 428 3985 585 4032; x_wconf 78' lang='grc' dir='ltr'><strong>’τιἛλινιῶνο</strong></span> <span class='ocrx_word' id='word_1_281' title='bbox 600 3982 707 4046; x_wconf 76' lang='grc' dir='ltr'><strong>κοθιίριν·</strong></span> <span class='ocrx_word' id='word_1_282' title='bbox 747 3982 834 4033; x_wconf 76' lang='lat' dir='ltr'><strong>crusii</strong></span> <span class='ocrx_word' id='word_1_283' title='bbox 844 3983 910 4033; x_wconf 81' lang='lat' dir='ltr'><strong>virt.</strong></span> <span class='ocrx_word' id='word_1_284' title='bbox 928 3983 1006 4033; x_wconf 69' lang='lat' dir='ltr'><strong>Pota</strong></span> <span class='ocrx_word' id='word_1_285' title='bbox 1018 3982 1094 4035; x_wconf 82' lang='lat' dir='ltr'><strong>Rom·</strong></span> <span class='ocrx_word' id='word_1_286' title='bbox 1112 3987 1133 4031; x_wconf 88' lang='lat' dir='ltr'><strong>t.</strong></span> <span class='ocrx_word' id='word_1_287' title='bbox 1145 3995 1164 4031; x_wconf 87' lang='lat'><strong>1.</strong></span> <span class='ocrx_word' id='word_1_288' title='bbox 1181 3997 1207 4046; x_wconf 88' lang='lat' dir='ltr'><strong>p.</strong></span> <span class='ocrx_word' id='word_1_289' title='bbox 1217 3986 1274 4034; x_wconf 75' lang='lat' dir='ltr'><strong>tta</strong></span> 
     </span>
     <span class='ocr_line' id='line_1_36' title="bbox 181 4056 915 4123; baseline -0.006 -12"><span class='ocrx_word' id='word_1_290' title='bbox 181 4078 264 4113; x_wconf 78' lang='grc' dir='ltr'><strong><em>σοντι</em></strong></span> <span class='ocrx_word' id='word_1_291' title='bbox 232 4059 378 4111; x_wconf 57' lang='lat' dir='ltr'><strong>manto</strong></span> <span class='ocrx_word' id='word_1_292' title='bbox 364 4062 474 4123; x_wconf 78' lang='grc' dir='ltr'><strong>αικεθρᾷ</strong></span> <span class='ocrx_word' id='word_1_293' title='bbox 474 4076 521 4109; x_wconf 74' lang='lat' dir='ltr'><strong>rso</strong></span> <span class='ocrx_word' id='word_1_294' title='bbox 508 4058 587 4119; x_wconf 76' lang='grc' dir='ltr'><strong><em>ονίτὴ</em></strong></span> <span class='ocrx_word' id='word_1_295' title='bbox 597 4056 709 4109; x_wconf 76' lang='grc' dir='ltr'><strong>Βοιωτίαν</strong></span> <span class='ocrx_word' id='word_1_296' title='bbox 748 4072 815 4107; x_wconf 81' lang='lat' dir='ltr'><strong>verr</strong></span> <span class='ocrx_word' id='word_1_297' title='bbox 825 4059 915 4108; x_wconf 88' lang='lat' dir='ltr'><strong>Germ</strong></span> 
     </span>
     <span class='ocr_line' id='line_1_37' title="bbox 181 4130 1277 4196; baseline 0.005 -17"><span class='ocrx_word' id='word_1_298' title='bbox 181 4136 354 4196; x_wconf 47' lang='lat' dir='ltr'><strong>gramm</strong></span> <span class='ocrx_word' id='word_1_299' title='bbox 714 4172 716 4175; x_wconf 95' lang='lat'><strong>.</strong></span> <span class='ocrx_word' id='word_1_300' title='bbox 779 4134 849 4182; x_wconf 83' lang='lat' dir='ltr'><strong>⁰De</strong></span> <span class='ocrx_word' id='word_1_301' title='bbox 866 4130 1010 4182; x_wconf 83' lang='lat' dir='ltr'><strong>imminenti</strong></span> <span class='ocrx_word' id='word_1_302' title='bbox 1029 4132 1062 4183; x_wconf 94' lang='lat' dir='ltr'><strong>L.</strong></span> <span class='ocrx_word' id='word_1_303' title='bbox 1077 4133 1107 4185; x_wconf 90' lang='lat' dir='ltr'>L</span> <span class='ocrx_word' id='word_1_304' title='bbox 1125 4133 1231 4185; x_wconf 81' lang='lat' dir='ltr'><strong>Senect.</strong></span> <span class='ocrx_word' id='word_1_305' title='bbox 1249 4149 1277 4185; x_wconf 85' lang='lat' dir='ltr'><strong>r.—</strong></span> 
     </span>
     <span class='ocr_line' id='line_1_38' title="bbox 211 4202 1282 4277; baseline -0.006 -13.833"><span class='ocrx_word' id='word_1_306' title='bbox 211 4211 485 4277; x_wconf 68' lang='lat' dir='ltr'><strong>”Pegenrtecherua</strong></span> <span class='ocrx_word' id='word_1_307' title='bbox 478 4226 505 4259; x_wconf 89' lang='grc' dir='ltr'><strong>ιιι</strong></span> <span class='ocrx_word' id='word_1_308' title='bbox 524 4210 578 4261; x_wconf 86' lang='lat' dir='ltr'><strong>vit.</strong></span> <span class='ocrx_word' id='word_1_309' title='bbox 595 4210 708 4275; x_wconf 70' lang='lat' dir='ltr'><strong>Pharo,</strong></span> <span class='ocrx_word' id='word_1_310' title='bbox 747 4214 772 4267; x_wconf 98' lang='grc'><strong>8.</strong></span> <span class='ocrx_word' id='word_1_311' title='bbox 784 4211 843 4273; x_wconf 95' lang='grc'><strong>8.</strong></span> <span class='ocrx_word' id='word_1_312' title='bbox 978 4209 982 4219; x_wconf 84' lang='grc'><strong>“</strong></span> <span class='ocrx_word' id='word_1_313' title='bbox 1248 4202 1251 4206; x_wconf 78' lang='grc'><strong>’</strong></span> <span class='ocrx_word' id='word_1_314' title='bbox 1276 4225 1282 4237; x_wconf 80' lang='grc'>·</span> 
     </span>
    </p>
   </div>
   <div class='ocr_carea' id='block_1_7' title="bbox 181 4266 1149 4383">
    <p class='ocr_par' dir='ltr' id='par_1_8' title="bbox 181 4266 1149 4383">
     <span class='ocr_line' id='line_1_39' title="bbox 181 4266 1149 4383; baseline -0.007 -46"><span class='ocrx_word' id='word_1_315' title='bbox 181 4286 287 4339; x_wconf 76' lang='lat' dir='ltr'><strong>hodene</strong></span> <span class='ocrx_word' id='word_1_316' title='bbox 304 4285 391 4364; x_wconf 70' lang='lat' dir='ltr'><strong>Persii</strong></span> <span class='ocrx_word' id='word_1_317' title='bbox 406 4286 461 4383; x_wconf 76' lang='grc'><strong>881.</strong></span> <span class='ocrx_word' id='word_1_318' title='bbox 476 4286 548 4339; x_wconf 90' lang='lat' dir='ltr'><strong>Proi.</strong></span> <span class='ocrx_word' id='word_1_319' title='bbox 560 4302 584 4339; x_wconf 85' lang='lat' dir='ltr'><strong>v.</strong></span> <span class='ocrx_word' id='word_1_320' title='bbox 597 4291 621 4339; x_wconf 94' lang='lat' dir='ltr'><strong>l.</strong></span> <span class='ocrx_word' id='word_1_321' title='bbox 636 4287 708 4337; x_wconf 75' lang='lat' dir='ltr'><strong>Ursi·</strong></span> <span class='ocrx_word' id='word_1_322' title='bbox 779 4284 882 4356; x_wconf 71' lang='lat' dir='ltr'><strong>PProi.</strong></span> <span class='ocrx_word' id='word_1_323' title='bbox 891 4281 935 4334; x_wconf 86' lang='grc'><strong>118.</strong></span> <span class='ocrx_word' id='word_1_324' title='bbox 945 4266 1033 4335; x_wconf 70' lang='lat' dir='ltr'><strong>naht</strong></span> <span class='ocrx_word' id='word_1_325' title='bbox 1145 4290 1149 4295; x_wconf 69' lang='grc'><em>’</em></span> 
     </span>
    </p>
   </div>
   <div class='ocr_carea' id='block_1_8' title="bbox 0 0 1600 4967">
    <p class='ocr_par' dir='ltr' id='par_1_9' title="bbox 0 0 1600 4967">
     <span class='ocr_line' id='line_1_40' title="bbox 0 0 1600 4967; baseline 0 5"><span class='ocrx_word' id='word_1_326' title='bbox 0 0 1600 4967; x_wconf 95' lang='lat' dir='ltr'><strong> </strong></span> 
     </span>
    </p>
   </div>
  </div>
 </body>
</html>
