3192 4967
302 435 349 507 m
520 450 672 505 rumoni
697 427 933 503 resonarunt
957 450 1185 503 msorrraurr

338 596 453 666 sstem
467 600 604 682 rogabat
615 579 749 673 ‘Gerros
763 594 913 661 modium
929 594 1040 675 tritici,

313 739 318 752 Ι
1163 709 1185 737 ν

302 806 372 857 tien.
405 804 701 867 cmpueonmoos
716 802 1125 867 nodismfremertts'sporrurlspr'r
1147 800 1255 865 reddar,
1270 801 1407 865 praetimem

322 1060 356 1095 ns
365 1044 438 1094 verbi
449 1043 646 1107 significatione,
666 1044 737 1107 apud
755 1045 916 1109 Ciceronem,
933 1046 1095 1107 Terentium,
1107 1045 1171 1093 alios
1187 1056 1239 1092 non
1251 1057 1308 1091 raro
1320 1041 1408 1107 obvia,

303 1061 466 1159 burmannus
477 1109 566 1157 laudat
584 1109 675 1157 Heius.
689 1110 722 1157 ad
742 1109 822 1159 orm.
833 1109 866 1161 Α.
877 1109 910 1159 Α.
921 1124 942 1159 1.
960 1124 997 1158 rs.
1014 1114 1071 1158 687.
1082 1116 1110 1157 et
1122 1108 1224 1157 Victor.
1237 1108 1269 1155 ad
1281 1108 1336 1157 Cic.
1347 1106 1407 1157 titt.

302 1187 331 1223 v.
343 1174 392 1236 Ep.
406 1177 430 1221 l.
465 1172 576 1221 Huncin
588 1188 659 1221 nsrrnr
672 1173 766 1221 adduci
779 1188 880 1239 qnoque
892 1176 957 1223 solet
978 1188 1011 1222 er
1030 1175 1104 1222 Tusc.
1116 1174 1216 1224 Quaem.
1233 1172 1295 1220 rrr.‘
1310 1170 1409 1235 aliquid

303 1238 435 1287 videamus
450 1235 518 1297 cibi,’
541 1236 584 1285 ubi
602 1238 626 1285 iu
647 1238 834 1286 recentioribus
853 1238 1018 1287 Editionibus
1041 1244 1081 1286 est
1099 1238 1269 1299 provideamus.
1302 1236 1353 1284 Sed
1374 1236 1407 1285 de

303 1301 419 1351 lectionis
431 1302 540 1363 vulgate
559 1302 667 1349 veritate
679 1303 773 1350 nerito
785 1302 834 1350 riri
845 1302 917 1352 docti
929 1302 1058 1349 dubitant.
1090 1315 1172 1349 romeu
1183 1302 1258 1348 meare
1270 1298 1317 1347 boc
1329 1312 1407 1349 senen

302 1366 442 1415 insolitum.
474 1365 610 1426 Sponsoris
621 1366 689 1414 enim
701 1368 788 1428 potius
808 1372 859 1427 est,
871 1380 946 1429 qutun
964 1365 1018 1413 reri
1030 1364 1164 1414 debitoris.
1197 1364 1248 1411 Vix
1261 1364 1323 1411 alias
1335 1363 1408 1412 inre·

302 1430 373 1480 nitor
385 1429 418 1477 de
428 1429 546 1478 debitore
556 1446 563 1489 ;
581 1430 696 1479 estenim
706 1429 812 1492 proelio
821 1444 912 1479 nomeu
921 1442 994 1479 snam
1006 1429 1120 1492 profiteri
1131 1445 1139 1489 ;
1154 1427 1249 1477 deiude
1260 1430 1321 1475 molo
1329 1428 1408 1477 ridere

303 1501 375 1544 reete
386 1500 544 1555 suspectum,
555 1507 604 1541 nee
615 1494 677 1542 satis
689 1494 810 1542 Latinum
826 1494 910 1543 videri
931 1501 1025 1557 potest.
1059 1495 1145 1545 Quare
1166 1493 1246 1541 tutius
1267 1491 1407 1541 videbatur

304 1558 408 1621 Koblio,
426 1559 510 1605 locum
528 1558 566 1605 ita
583 1558 729 1619 explicare:
756 1574 810 1607 cam
826 1557 954 1617 fraudator
974 1559 1036 1607 locut
1056 1554 1226 1622 (commodet)
1242 1570 1407 1605 uomensunm

301 1621 400 1683 (uteri,
417 1628 534 1669 mutuum
554 1622 649 1733 rtnssum
671 1622 797 1685 sumtum)
822 1636 907 1685 sponsu
924 1622 1026 1686 improbo
1050 1620 1199 1685 (sponsione
1219 1618 1408 1683 fraudulenta)

302 1700 349 1735 sorr
369 1699 419 1733 rem
437 1684 558 1747 expedire,
580 1687 591 1746 (
611 1686 708 1735 ebitum
729 1702 748 1744 a
766 1685 889 1751 debitore
905 1699 957 1736 non
993 1687 1090 1735 elutum
1110 1684 1257 1746 dependere
1276 1682 1407 1747 fidemque

304 1746 520 1811 scemurense.)
535 1752 577 1797 red
594 1751 656 1797 mola
670 1750 750 1799 uidere
767 1750 859 1813 expetit
884 1752 929 1815 (ex
948 1701 1062 1810 sirletus,
1082 1749 1229 1808 creditoris,
1247 1748 1407 1796 incommodo

303 1828 376 1863 snum
394 1827 545 1875 comparare
564 1814 606 1861 rel
623 1814 793 1876 commodum,
813 1816 854 1863 vel
874 1814 995 1877 gandium
1016 1812 1122 1875 studet).
1156 1813 1239 1862 eram
1252 1813 1409 1874 interprete·

303 1877 399 1927 tionem
415 1877 528 1926 illustrat
538 1878 623 1925 verbis
636 1878 691 1926 Cic.
710 1877 736 1925 iu
748 1879 823 1925 Verr.
836 1891 873 1926 tv.
890 1882 931 1927 42.
947 1880 956 1906 ‘
969 1892 1060 1926 nomeu
1073 1892 1145 1925 suum
1155 1876 1232 1925 alicui
1244 1874 1407 1925 commodare

303 1941 336 1990 nd
355 1941 550 1990 translationem
570 1939 700 2001 criminis,'
723 1940 805 2001 (eines
824 1941 921 1991 anderu
944 1941 1112 1991 Verbrechen
1135 1939 1183 1991 suf
1199 1941 1253 1989 sicli
1275 1938 1406 1997 nehmeub

303 2006 390 2055 Etiam
401 2006 441 2054 Cl.
453 2005 596 2055 Tmcbuck.
610 2006 740 2067 vulgatam
758 2004 897 2053 lectionem
915 2004 977 2054 ferri
989 2020 1065 2069 posse
1083 2012 1167 2068 putat,
1176 2005 1197 2053 si
1208 2004 1244 2053 ita
1256 2003 1409 2067 explicetur,

304 2077 334 2119 nt
345 2069 479 2119 fraudator
489 2070 523 2118 sit
534 2085 585 2118 non
596 2069 711 2130 debitor,
721 2083 823 2130 cerrus,
833 2069 878 2119 sed
897 2084 1014 2133 sponsor,
1030 2070 1047 2118 i.
1063 2084 1087 2119 e.
1099 2072 1185 2133 lupus,
1197 2070 1240 2133 qni
1251 2082 1328 2125 cerro
1339 2070 1408 2117 loca·

303 2134 451 2183 ltatnomen
464 2148 537 2182 snum
557 2134 674 2196 improba
693 2148 705 2180 s
725 2134 841 2183 onsioue.
875 2134 1049 2183 Tzscbuckius
1069 2134 1192 2196 conjicit:
1218 2134 1406 2183 Frondmorrro·

302 2203 612 2261 mesmooratspoumtm
632 2199 704 2273 impr!
764 2234 771 2258 ,
787 2199 834 2259 ita,
846 2206 879 2273 ut
887 2198 1017 2274 improbum
1035 2198 1203 2261 conjungatur
1215 2200 1360 2258 comoneat,
1379 2200 1408 2245 et

302 2260 1408 2392 antelmiitrinitltrttr.3'¹zlt‘tt.'ttt.“b‘lttttt

284 2447 286 2450 ,
302 2391 411 2449 mederi,
422 2397 451 2438 nt
463 2392 576 2440 retineat
587 2392 728 2453 vulgatam,
740 2391 791 2441 nisi
810 2391 878 2455 qnod
898 2406 936 2440 vs.
947 2396 971 2441 2.
984 2391 1009 2439 in
1021 2389 1072 2439 tine
1085 2392 1156 2453 legat
1166 2391 1271 2452 expedit,
1283 2388 1352 2453 quod
1365 2394 1407 2439 est

302 2454 329 2502 in
341 2454 405 2503 eod.
418 2454 486 2501 Pith.
500 2469 547 2514 pro
558 2456 659 2514 expetit,
669 2455 718 2502 hoc
731 2470 825 2504 sensu:
848 2456 925 2507 Weoo
936 2457 974 2504 eiu
991 2455 1113 2515 Betriiger
1126 2452 1337 2512 concurrentum
1347 2453 1406 2516 will,

302 2518 350 2565 Ν
360 2518 427 2565 sister
437 2516 627 2580 betmlgerisslteo
638 2516 739 2576 Biirgeo
748 2519 821 2575 stult,
832 2521 895 2567 murt
903 2521 967 2567 mitre
979 2533 1002 2566 er
1012 2520 1066 2565 selrr
1076 2520 1175 2579 eckius,
1184 2518 1236 2567 seio
1257 2518 1318 2567 Geld
1327 2518 1408 2565 isimu-

301 2580 401 2636 zultletr5
417 2580 476 2641 lrlsg
484 2580 596 2629 oielmelrr
614 2580 646 2627 ist
655 2594 689 2640 es,
699 2581 745 2627 der
761 2580 856 2640 Betrug
866 2596 895 2629 mr
905 2582 1010 2639 merlren,
1018 2582 1069 2627 siclt
1078 2596 1119 2627 oor
1133 2580 1241 2629 Soboden
1252 2584 1301 2631 und
1314 2580 1407 2639 Gefabr

301 2644 420 2693 subiiterr.
453 2644 513 2693 Jam
526 2643 586 2690 olim
607 2643 708 2691 Gudius
720 2658 756 2692 rs.
776 2648 800 2691 2.
812 2644 844 2692 sd
865 2644 1021 2691 creditorem
1043 2644 1171 2703 trslrebat,
1193 2645 1283 2706 legens
1303 2645 1407 2708 expedit,

303 2721 350 2769 pro
361 2722 374 2754 e
420 2708 461 2765 tit,
472 2707 544 2770 quasi
556 2706 679 2755 creditori
690 2721 742 2756 non
753 2708 817 2756 utile
828 2713 907 2768 esset,
919 2707 1042 2769 expedire
1062 2707 1208 2769 pecuniam,
1217 2710 1232 2756 i.
1243 2722 1267 2757 e.
1278 2708 1343 2757 dare
1354 2724 1408 2759 mn.

302 2778 374 2821 tuam
397 2771 538 2833 randatori,
547 2786 671 2833 sponsore
682 2771 810 2833 improbo.
842 2772 895 2819 Sed
907 2786 957 2819 non
970 2772 1024 2820 sine
1036 2786 1114 2820 causa
1126 2772 1221 2821 accedo
1237 2771 1299 2820 viris
1311 2773 1406 2835 doctis,

301 2833 451 2886 Rormanno
463 2842 490 2884 et
501 2834 600 2885 Beckio
615 2835 647 2885 V.
659 2835 689 2883 C.
701 2833 756 2898 (De
767 2834 911 2898 Interpret.
931 2832 993 2883 Vet.
1005 2851 1031 2898 p.
1045 2835 1097 2897 86.)
1121 2836 1213 2899 quibus
1234 2836 1358 2898 displicet
1368 2836 1405 2885 in·

302 2906 378 2963 grata
398 2901 441 2948 itia
459 2901 533 2948 verbi
546 2900 640 2961 expedit
660 2898 793 2961 repetitio.
827 2898 993 2961 Ineleganter
1012 2897 1130 2961 profecto
1148 2900 1257 2949 dixisset
1269 2900 1406 2962 Phaedrus,

256 2967 261 2974 “
300 2979 351 3014 rem
361 2966 471 3028 expedire
481 2978 534 3013 non
545 2964 640 3025 expedit
647 2980 657 3021 ,·
682 2962 732 3011 etsi
750 2962 837 3012 Gudio
854 2964 880 3011 in
897 2963 986 3012 nativa
1002 2962 1075 3026 hujus
1087 2964 1160 3013 verbi
1171 2964 1357 3027 significatione
1368 2966 1407 3014 lu·

301 3028 366 3078 sisse
383 3029 529 3078 videbator.
562 3028 667 3076 Placuit
683 3034 770 3077 tamen
788 3028 847 3075 bare
866 3028 945 3077 lectio
965 3027 1120 3094 Bipontinis,
1133 3028 1176 3092 qui
1195 3030 1262 3078 hunc
1274 3030 1356 3077 locum
1369 3028 1407 3091 ite

302 3092 480 3144 constituunt:
498 3092 634 3140 Fraudator
643 3091 747 3139 lomim
761 3106 813 3139 cum
823 3091 923 3141 oditots
980 3107 1019 3141 ore
1029 3092 1142 3155 improbo,
1155 3094 1212 3142 Non
1222 3109 1272 3143 rem
1286 3092 1406 3155 expedire,

300 3156 505 3205 aedmulooidere
514 3154 617 3215 expedit.
650 3154 698 3203 Cui
718 3155 825 3203 lectioni
844 3156 893 3205 etsi
925 3164 1002 3204 arent
1024 3156 1083 3205 libri
1101 3157 1202 3219 scripti,
1220 3158 1407 3219 verbatameo,

301 3220 405 3268 ramim
415 3234 466 3267 rum
475 3219 563 3277 aditet,
573 3232 675 3266 sensnm
687 3218 836 3267 duriuscule
848 3226 875 3268 et
897 3220 1055 3269 subobscure
1074 3222 1221 3283 exprimere
1237 3222 1298 3269 mibi
1317 3220 1406 3269 viden·

192 3307 198 3314 ³
302 3290 354 3333 tur.
388 3283 456 3331 Mihi
473 3282 578 3347 quidem
595 3281 746 3344 conjectura
765 3282 917 3345 Burmanni,
936 3298 1012 3347 quam
1034 3286 1135 3353 recepi,
1161 3285 1278 3347 inprimis
1300 3286 1404 3347 placet3

302 3361 360 3396 cnm
370 3348 432 3395 satis
448 3361 529 3410 prope
540 3346 573 3394 ad
585 3346 674 3408 primm
685 3346 822 3409 scriptura
843 3347 953 3409 vestigia
965 3348 1082 3409 accedat,
1093 3357 1121 3396 et
1132 3349 1182 3397 ista
1194 3350 1305 3397 lectione
1318 3363 1405 3397 sensus

302 3410 408 3461 Phaedri
422 3418 542 3460 constare
559 3410 686 3459 videatur.
720 3410 992 3475 Eandem-adoptarit
1012 3413 1154 3474 Bentleius,
1177 3420 1204 3461 et
1227 3412 1405 3475 Heusingerus

302 3489 359 3523 eum
372 3474 417 3525 reli
438 3473 640 3524 uisCriticorum
652 3472 759 3537 prefert
771 3474 939 3537 conjecturis.
972 3478 1014 3525 Sic
1033 3477 1087 3525 fere
1104 3478 1292 3539 Desbillonius,
1309 3478 1352 3539 qui
1365 3479 1405 3527 r‘e·

302 3538 391 3599 cepit:
432 3542 544 3588 rundatos·
559 3539 661 3587 lomim
673 3554 726 3587 oum
739 3541 838 3589 ndoooot
853 3556 961 3603 spouston
978 3541 1100 3603 improbos,
1111 3542 1167 3591 Nor
1178 3558 1226 3591 rem
1238 3542 1355 3605 expedire,
1364 3542 1406 3591 red

302 3604 454 3652 rumoridus
468 3604 568 3666 repetit.
601 3604 699 3651 Contra
714 3604 857 3653 Brotierius
869 3604 967 3653 edidit:
986 3605 1121 3653 Fraudator
1132 3606 1235 3655 boruines
1246 3622 1297 3655 oum
1307 3608 1405 3657 odonam

300 3682 313 3719 t
343 3682 385 3716 uss
396 3668 500 3731 improbo
516 3669 688 3716 cet—...molo
698 3668 784 3730 ridere,
800 3683 858 3730 pro,
873 3670 941 3717 mala
952 3669 1049 3729 videre,
1059 3668 1148 3717 mallet
1165 3668 1324 3728 Sobefferus;
1345 3668 1404 3719 ride

328 3732 443 3780 urmanni
455 3732 518 3795 Syll.
529 3732 597 3796 Epp.
608 3732 640 3779 T.
650 3732 682 3780 V.
693 3746 717 3793 p.
730 3736 769 3780 lo.
782 3746 830 3795 pro
842 3747 892 3845 Ἦιο
905 3733 1002 3781 Censor
1017 3732 1108 3781 doctus
1127 3732 1200 3797 (vio.
1212 3733 1245 3783 A.
1259 3736 1289 3784 L.
1300 3734 1330 3783 Z:
1343 3746 1404 3781 ann.

205 3796 214 3803 “
303 3798 375 3846 1785.
386 3810 418 3845 ιι.
428 3800 485 3846 281.
494 3797 553 3845 coll.
565 3796 629 3845 Not.
636 3793 739 3857 Borm.)
750 3796 803 3859 legi
814 3798 846 3860 Ju
866 3803 902 3856 et,
913 3796 973 3843 mole
982 3795 1067 3845 ridere.
1101 3798 1166 3849 Qun
1178 3799 1254 3847 lectio
1271 3797 1404 3860 ingeniose

302 3873 353 3908 non
361 3862 492 3924 displicet.
506 3860 625 3910 Graerins
633 3874 648 3909 e
657 3858 763 3909 Sobedis
777 3862 847 3909 Dan.
860 3859 997 3923 legendnm
1009 3860 1155 3910 existimat:
1167 3864 1230 3911 omia
1240 3859 1402 3923 dorerrpetit.

803 4030 908 4091 morra
985 4095 987 4099 .
1046 4082 1050 4087 ,

302 4160 376 4223 [suro
396 4141 611 4223 ridere1erprtit]
642 4160 737 4210 Sensus
755 4157 833 4209 istius
874 4121 943 4207 euim
961 4164 1017 4208 est:
1047 4158 1106 4208 Nou
1127 4158 1229 4207 sineere
1251 4171 1338 4220 agere,
1355 4155 1403 4206 sed

302 4249 391 4283 versus
409 4242 449 4284 est
465 4237 652 4297 subobscurus;
675 4235 745 4285 alind
765 4236 833 4285 onim
874 4234 1257 4300 numerumnunerum
1269 4234 1332 4285 ruit.

251 4375 255 4381 ¹
301 4308 517 4375 uguentorum
535 4312 729 4363 rsrbssonut.
760 4310 832 4361 Talis
