<?xml version="1.0" encoding="UTF-8"?>
<!DOCTYPE html PUBLIC "-//W3C//DTD XHTML 1.0 Transitional//EN"
    "http://www.w3.org/TR/xhtml1/DTD/xhtml1-transitional.dtd">
<html xmlns="http://www.w3.org/1999/xhtml" xml:lang="en" lang="en">
 <head>
  <title>
</title>
<meta http-equiv="Content-Type" content="text/html;charset=utf-8" />
  <meta name='ocr-system' content='tesseract 3.04.00' />
  <meta name='ocr-capabilities' content='ocr_page ocr_carea ocr_par ocr_line ocrx_word'/>
</head>
<body>
  <div class='ocr_page' id='page_1' title='image "./phaedriaugustil00schwgoog_0200.png"; bbox 0 0 3192 4967; ppageno 0'>
   <div class='ocr_carea' id='block_1_1' title="bbox 290 420 1165 489">
    <p class='ocr_par' dir='ltr' id='par_1_1' title="bbox 290 420 1165 489">
     <span class='ocr_line' id='line_1_1' title="bbox 290 420 1165 489; baseline -0.008 -2"><span class='ocrx_word' id='word_1_1' title='bbox 290 420 354 489; x_wconf 80' lang='lat'><strong>186</strong></span> <span class='ocrx_word' id='word_1_2' title='bbox 506 437 657 488; x_wconf 77' lang='lat' dir='ltr'><strong>nanum</strong></span> <span class='ocrx_word' id='word_1_3' title='bbox 677 436 914 488; x_wconf 73' lang='lat' dir='ltr'><strong>rsnuninuu</strong></span> <span class='ocrx_word' id='word_1_4' title='bbox 939 432 1165 485; x_wconf 75' lang='lat' dir='ltr'><strong>nsorrsnuu</strong></span> 
     </span>
    </p>
   </div>
   <div class='ocr_carea' id='block_1_2' title="bbox 653 836 1031 917">
    <p class='ocr_par' dir='ltr' id='par_1_2' title="bbox 653 836 1031 917">
     <span class='ocr_line' id='line_1_2' title="bbox 653 836 1031 917; baseline -0.011 -2"><span class='ocrx_word' id='word_1_5' title='bbox 653 836 1031 917; x_wconf 81' lang='lat' dir='ltr'><strong>EPILOGUS.</strong></span> 
     </span>
    </p>
   </div>
   <div class='ocr_carea' id='block_1_3' title="bbox 289 1024 1227 1155">
    <p class='ocr_par' dir='ltr' id='par_1_3' title="bbox 289 1024 1227 1155">
     <span class='ocr_line' id='line_1_3' title="bbox 289 1024 1227 1155; baseline -0.006 -18"><span class='ocrx_word' id='word_1_6' title='bbox 289 1073 519 1137; x_wconf 80' lang='lat' dir='ltr'><strong>Surnnsuttr</strong></span> <span class='ocrx_word' id='word_1_7' title='bbox 533 1071 626 1149; x_wconf 88' lang='lat' dir='ltr'><strong>mihi,</strong></span> <span class='ocrx_word' id='word_1_8' title='bbox 641 1024 718 1155; x_wconf 71' lang='lat' dir='ltr'><strong>uum</strong></span> <span class='ocrx_word' id='word_1_9' title='bbox 732 1071 889 1149; x_wconf 83' lang='lat' dir='ltr'><strong>scribam,</strong></span> <span class='ocrx_word' id='word_1_10' title='bbox 905 1068 964 1135; x_wconf 87' lang='lat' dir='ltr'><strong>sed</strong></span> <span class='ocrx_word' id='word_1_11' title='bbox 978 1088 1082 1154; x_wconf 85' lang='lat' dir='ltr'><strong>parco</strong></span> <span class='ocrx_word' id='word_1_12' title='bbox 1097 1069 1206 1135; x_wconf 84' lang='lat' dir='ltr'><strong>sciens</strong></span> <span class='ocrx_word' id='word_1_13' title='bbox 1218 1087 1227 1131; x_wconf 81' lang='grc' dir='ltr'><strong>ι</strong></span> 
     </span>
    </p>
   </div>
   <div class='ocr_carea' id='block_1_4' title="bbox 193 1170 991 1254">
    <p class='ocr_par' dir='ltr' id='par_1_4' title="bbox 193 1170 991 1254">
     <span class='ocr_line' id='line_1_4' title="bbox 193 1170 991 1254; baseline -0.005 -17"><span class='ocrx_word' id='word_1_14' title='bbox 193 1185 210 1205; x_wconf 68' lang='lat'><strong>⁵</strong></span> <span class='ocrx_word' id='word_1_15' title='bbox 288 1171 450 1251; x_wconf 86' lang='lat' dir='ltr'><strong>Primum,</strong></span> <span class='ocrx_word' id='word_1_16' title='bbox 462 1191 538 1254; x_wconf 79' lang='lat' dir='ltr'><strong>esse</strong></span> <span class='ocrx_word' id='word_1_17' title='bbox 549 1191 591 1236; x_wconf 88' lang='lat' dir='ltr'><strong>ne</strong></span> <span class='ocrx_word' id='word_1_18' title='bbox 605 1172 667 1236; x_wconf 90' lang='lat' dir='ltr'><strong>tibi</strong></span> <span class='ocrx_word' id='word_1_19' title='bbox 680 1171 797 1242; x_wconf 79' lang='lat' dir='ltr'><strong>¹viduor</strong></span> <span class='ocrx_word' id='word_1_20' title='bbox 811 1170 991 1248; x_wconf 79' lang='lat' dir='ltr'><strong>molestior,</strong></span> 
     </span>
    </p>
   </div>
   <div class='ocr_carea' id='block_1_5' title="bbox 288 1271 1067 1751">
    <p class='ocr_par' dir='ltr' id='par_1_5' title="bbox 288 1271 1067 1751">
     <span class='ocr_line' id='line_1_5' title="bbox 289 1271 1067 1359; baseline -0.004 -22"><span class='ocrx_word' id='word_1_21' title='bbox 289 1272 466 1359; x_wconf 67' lang='lat' dir='ltr'><strong>Distringit</strong></span> <span class='ocrx_word' id='word_1_22' title='bbox 480 1291 578 1355; x_wconf 87' lang='lat' dir='ltr'><strong>quem</strong></span> <span class='ocrx_word' id='word_1_23' title='bbox 593 1272 769 1336; x_wconf 84' lang='lat' dir='ltr'><strong>multarum</strong></span> <span class='ocrx_word' id='word_1_24' title='bbox 782 1290 888 1335; x_wconf 85' lang='lat' dir='ltr'><strong>rerum</strong></span> <span class='ocrx_word' id='word_1_25' title='bbox 901 1271 1067 1350; x_wconf 83' lang='lat' dir='ltr'><strong>varietas3</strong></span> 
     </span>
     <span class='ocr_line' id='line_1_6' title="bbox 290 1370 982 1459; baseline -0.003 -22"><span class='ocrx_word' id='word_1_26' title='bbox 290 1372 389 1451; x_wconf 83' lang='lat' dir='ltr'><strong>Dein,</strong></span> <span class='ocrx_word' id='word_1_27' title='bbox 403 1373 433 1437; x_wconf 92' lang='lat' dir='ltr'><strong>si</strong></span> <span class='ocrx_word' id='word_1_28' title='bbox 447 1374 525 1456; x_wconf 88' lang='lat' dir='ltr'><strong>quis</strong></span> <span class='ocrx_word' id='word_1_29' title='bbox 538 1371 654 1437; x_wconf 86' lang='lat' dir='ltr'><strong>eadem</strong></span> <span class='ocrx_word' id='word_1_30' title='bbox 663 1371 750 1436; x_wconf 86' lang='lat' dir='ltr'><strong>forte</strong></span> <span class='ocrx_word' id='word_1_31' title='bbox 764 1370 876 1435; x_wconf 85' lang='lat' dir='ltr'><strong>conari</strong></span> <span class='ocrx_word' id='word_1_32' title='bbox 892 1371 982 1459; x_wconf 76' lang='lat' dir='ltr'><strong>velit,</strong></span> 
     </span>
     <span class='ocr_line' id='line_1_7' title="bbox 289 1469 1018 1555; baseline -0.004 -20"><span class='ocrx_word' id='word_1_33' title='bbox 289 1470 474 1537; x_wconf 85' lang='lat' dir='ltr'><strong>Haberent</strong></span> <span class='ocrx_word' id='word_1_34' title='bbox 488 1471 600 1555; x_wconf 84' lang='lat' dir='ltr'><strong>possit</strong></span> <span class='ocrx_word' id='word_1_35' title='bbox 614 1470 866 1555; x_wconf 85' lang='lat' dir='ltr'><strong>aliquidoperis</strong></span> <span class='ocrx_word' id='word_1_36' title='bbox 882 1469 1018 1535; x_wconf 83' lang='lat' dir='ltr'><strong>residui.</strong></span> 
     </span>
     <span class='ocr_line' id='line_1_8' title="bbox 290 1570 1010 1654; baseline 0 -19"><span class='ocrx_word' id='word_1_37' title='bbox 290 1570 452 1650; x_wconf 80' lang='lat' dir='ltr'><strong>Quamvis</strong></span> <span class='ocrx_word' id='word_1_38' title='bbox 464 1573 617 1637; x_wconf 84' lang='lat' dir='ltr'><strong>materiae</strong></span> <span class='ocrx_word' id='word_1_39' title='bbox 631 1577 725 1637; x_wconf 87' lang='lat' dir='ltr'><strong>tanta</strong></span> <span class='ocrx_word' id='word_1_40' title='bbox 738 1570 884 1636; x_wconf 77' lang='lat' dir='ltr'><strong>abundet</strong></span> <span class='ocrx_word' id='word_1_41' title='bbox 898 1572 1010 1654; x_wconf 85' lang='lat' dir='ltr'><strong>eopia,</strong></span> 
     </span>
     <span class='ocr_line' id='line_1_9' title="bbox 288 1670 992 1751; baseline -0.004 -15"><span class='ocrx_word' id='word_1_42' title='bbox 288 1670 413 1737; x_wconf 82' lang='lat' dir='ltr'><strong>Labori</strong></span> <span class='ocrx_word' id='word_1_43' title='bbox 428 1672 522 1737; x_wconf 84' lang='lat' dir='ltr'><strong>faber</strong></span> <span class='ocrx_word' id='word_1_44' title='bbox 536 1679 575 1737; x_wconf 93' lang='lat' dir='ltr'><strong>ut</strong></span> <span class='ocrx_word' id='word_1_45' title='bbox 589 1672 686 1751; x_wconf 86' lang='lat' dir='ltr'><strong>desit,</strong></span> <span class='ocrx_word' id='word_1_46' title='bbox 698 1692 765 1738; x_wconf 90' lang='lat' dir='ltr'><strong>non</strong></span> <span class='ocrx_word' id='word_1_47' title='bbox 778 1672 872 1737; x_wconf 78' lang='lat' dir='ltr'><strong>fabro</strong></span> <span class='ocrx_word' id='word_1_48' title='bbox 884 1672 992 1736; x_wconf 85' lang='lat' dir='ltr'><strong>labor.</strong></span> 
     </span>
    </p>
   </div>
   <div class='ocr_carea' id='block_1_6' title="bbox 282 1823 1391 2083">
    <p class='ocr_par' dir='ltr' id='par_1_6' title="bbox 282 1823 1391 2083">
     <span class='ocr_line' id='line_1_10' title="bbox 322 1823 1389 1893; baseline -0.006 -15"><span class='ocrx_word' id='word_1_49' title='bbox 322 1828 425 1878; x_wconf 79' lang='lat' dir='ltr'><strong>Restmt</strong></span> <span class='ocrx_word' id='word_1_50' title='bbox 434 1828 510 1877; x_wconf 76' lang='lat' dir='ltr'><strong>odies</strong></span> <span class='ocrx_word' id='word_1_51' title='bbox 519 1828 578 1877; x_wconf 77' lang='lat' dir='ltr'><strong>miii</strong></span> <span class='ocrx_word' id='word_1_52' title='bbox 587 1826 748 1893; x_wconf 63' lang='lat' dir='ltr'><strong>questurum,</strong></span> <span class='ocrx_word' id='word_1_53' title='bbox 761 1841 843 1875; x_wconf 82' lang='lat' dir='ltr'><strong>uerum</strong></span> <span class='ocrx_word' id='word_1_54' title='bbox 853 1826 957 1875; x_wconf 76' lang='lat' dir='ltr'><strong>abstineo</strong></span> <span class='ocrx_word' id='word_1_55' title='bbox 967 1840 1014 1875; x_wconf 78' lang='lat' dir='ltr'><strong>nos</strong></span> <span class='ocrx_word' id='word_1_56' title='bbox 1029 1824 1129 1887; x_wconf 75' lang='lat' dir='ltr'><strong>ignotus</strong></span> <span class='ocrx_word' id='word_1_57' title='bbox 1136 1838 1146 1882; x_wconf 92' lang='lat'><strong>,·</strong></span> <span class='ocrx_word' id='word_1_58' title='bbox 1158 1824 1236 1887; x_wconf 80' lang='lat' dir='ltr'><strong>primo</strong></span> <span class='ocrx_word' id='word_1_59' title='bbox 1247 1823 1389 1878; x_wconf 63' lang='lat' dir='ltr'><strong>restitisis„</strong></span> 
     </span>
     <span class='ocr_line' id='line_1_11' title="bbox 288 1888 1389 1954; baseline -0.003 -13"><span class='ocrx_word' id='word_1_60' title='bbox 288 1892 445 1953; x_wconf 58' lang='lat' dir='ltr'><strong>memsam,</strong></span> <span class='ocrx_word' id='word_1_61' title='bbox 455 1892 495 1954; x_wconf 74' lang='lat' dir='ltr'><strong>qai</strong></span> <span class='ocrx_word' id='word_1_62' title='bbox 504 1892 628 1941; x_wconf 76' lang='lat' dir='ltr'><strong>distineris</strong></span> <span class='ocrx_word' id='word_1_63' title='bbox 638 1890 789 1939; x_wconf 71' lang='lat' dir='ltr'><strong>moditsdise</strong></span> <span class='ocrx_word' id='word_1_64' title='bbox 799 1890 946 1939; x_wconf 81' lang='lat' dir='ltr'><strong>diuersorum</strong></span> <span class='ocrx_word' id='word_1_65' title='bbox 961 1890 1123 1951; x_wconf 73' lang='lat' dir='ltr'><strong>negotiorum.-</strong></span> <span class='ocrx_word' id='word_1_66' title='bbox 1138 1889 1222 1937; x_wconf 81' lang='lat' dir='ltr'><strong>deinde</strong></span> <span class='ocrx_word' id='word_1_67' title='bbox 1231 1888 1254 1937; x_wconf 80' lang='lat' dir='ltr'><strong>si</strong></span> <span class='ocrx_word' id='word_1_68' title='bbox 1263 1888 1317 1952; x_wconf 74' lang='lat' dir='ltr'><strong>qais</strong></span> <span class='ocrx_word' id='word_1_69' title='bbox 1328 1890 1389 1953; x_wconf 46' lang='lat' dir='ltr'><strong>,vetit</strong></span> 
     </span>
     <span class='ocr_line' id='line_1_12' title="bbox 282 1952 1391 2017; baseline -0.002 -14"><span class='ocrx_word' id='word_1_70' title='bbox 282 1955 373 2016; x_wconf 78' lang='lat' dir='ltr'><strong>fortun¹</strong></span> <span class='ocrx_word' id='word_1_71' title='bbox 387 1960 479 2004; x_wconf 79' lang='lat' dir='ltr'><strong>tentare</strong></span> <span class='ocrx_word' id='word_1_72' title='bbox 495 1957 583 2015; x_wconf 73' lang='lat' dir='ltr'><strong>eodm,</strong></span> <span class='ocrx_word' id='word_1_73' title='bbox 595 1960 623 2003; x_wconf 85' lang='lat' dir='ltr'><strong>st</strong></span> <span class='ocrx_word' id='word_1_74' title='bbox 636 1954 712 2017; x_wconf 85' lang='lat' dir='ltr'><strong>possit</strong></span> <span class='ocrx_word' id='word_1_75' title='bbox 722 1954 769 2016; x_wconf 86' lang='lat' dir='ltr'><strong>ipsi</strong></span> <span class='ocrx_word' id='word_1_76' title='bbox 778 1967 897 2015; x_wconf 70' lang='lat' dir='ltr'><strong>superesse</strong></span> <span class='ocrx_word' id='word_1_77' title='bbox 907 1953 997 2015; x_wconf 73' lang='lat' dir='ltr'><strong>aliquid</strong></span> <span class='ocrx_word' id='word_1_78' title='bbox 1005 1953 1106 2002; x_wconf 75' lang='lat' dir='ltr'><strong>residue</strong></span> <span class='ocrx_word' id='word_1_79' title='bbox 1117 1952 1223 2001; x_wconf 75' lang='lat' dir='ltr'><strong>muteris</strong></span> <span class='ocrx_word' id='word_1_80' title='bbox 1235 1966 1313 2015; x_wconf 79' lang='lat' dir='ltr'><strong>quam</strong></span> <span class='ocrx_word' id='word_1_81' title='bbox 1328 1952 1391 2001; x_wconf 68' lang='lat' dir='ltr'><strong>scri</strong></span> 
     </span>
     <span class='ocr_line' id='line_1_13' title="bbox 290 2016 1390 2083; baseline -0.004 -13"><span class='ocrx_word' id='word_1_82' title='bbox 290 2020 350 2070; x_wconf 79' lang='lat' dir='ltr'><strong>batt</strong></span> <span class='ocrx_word' id='word_1_83' title='bbox 367 2020 473 2082; x_wconf 63' lang='lat' dir='ltr'><strong>perstem</strong></span> <span class='ocrx_word' id='word_1_84' title='bbox 483 2024 551 2068; x_wconf 79' lang='lat' dir='ltr'><strong>tastu</strong></span> <span class='ocrx_word' id='word_1_85' title='bbox 561 2018 595 2067; x_wconf 87' lang='lat' dir='ltr'><strong>sit</strong></span> <span class='ocrx_word' id='word_1_86' title='bbox 605 2018 700 2067; x_wconf 73' lang='lat' dir='ltr'><strong>soma</strong></span> <span class='ocrx_word' id='word_1_87' title='bbox 708 2016 852 2079; x_wconf 70' lang='lat' dir='ltr'><strong>argumenti,</strong></span> <span class='ocrx_word' id='word_1_88' title='bbox 863 2022 890 2065; x_wconf 85' lang='lat' dir='ltr'><strong>ut</strong></span> <span class='ocrx_word' id='word_1_89' title='bbox 900 2016 993 2077; x_wconf 72' lang='lat' dir='ltr'><strong>artifex</strong></span> <span class='ocrx_word' id='word_1_90' title='bbox 1007 2016 1067 2065; x_wconf 82' lang='lat' dir='ltr'><strong>desit</strong></span> <span class='ocrx_word' id='word_1_91' title='bbox 1084 2016 1159 2079; x_wconf 86' lang='lat' dir='ltr'><strong>operi,</strong></span> <span class='ocrx_word' id='word_1_92' title='bbox 1168 2030 1215 2064; x_wconf 77' lang='lat' dir='ltr'><strong>sorr</strong></span> <span class='ocrx_word' id='word_1_93' title='bbox 1223 2030 1282 2079; x_wconf 81' lang='lat' dir='ltr'><strong>opos</strong></span> <span class='ocrx_word' id='word_1_94' title='bbox 1291 2016 1390 2083; x_wconf 67' lang='lat' dir='ltr'><strong>artifici.</strong></span> 
     </span>
    </p>
   </div>
   <div class='ocr_carea' id='block_1_7' title="bbox 749 2142 928 2180">
    <p class='ocr_par' dir='ltr' id='par_1_7' title="bbox 749 2142 928 2180">
     <span class='ocr_line' id='line_1_14' title="bbox 749 2142 928 2180; baseline -0.006 -16"><span class='ocrx_word' id='word_1_95' title='bbox 749 2142 928 2180; x_wconf 52' lang='lat' dir='ltr'><strong>cuneoque</strong></span> 
     </span>
    </p>
   </div>
   <div class='ocr_carea' id='block_1_8' title="bbox 288 2220 1406 4317">
    <p class='ocr_par' dir='ltr' id='par_1_8' title="bbox 288 2220 1406 4317">
     <span class='ocr_line' id='line_1_15' title="bbox 321 2220 1391 2290; baseline -0.003 -14"><span class='ocrx_word' id='word_1_96' title='bbox 321 2230 338 2276; x_wconf 74' lang='lat'>2</span> <span class='ocrx_word' id='word_1_97' title='bbox 354 2227 419 2277; x_wconf 84' lang='lat' dir='ltr'><strong>Mss.</strong></span> <span class='ocrx_word' id='word_1_98' title='bbox 434 2227 508 2277; x_wconf 86' lang='lat' dir='ltr'><strong>Pith.</strong></span> <span class='ocrx_word' id='word_1_99' title='bbox 526 2229 600 2277; x_wconf 86' lang='lat' dir='ltr'><strong>Rem.</strong></span> <span class='ocrx_word' id='word_1_100' title='bbox 616 2227 735 2290; x_wconf 75' lang='lat' dir='ltr'><strong>Primum,</strong></span> <span class='ocrx_word' id='word_1_101' title='bbox 750 2243 798 2277; x_wconf 71' lang='lat' dir='ltr'><strong>ass</strong></span> <span class='ocrx_word' id='word_1_102' title='bbox 818 2227 864 2277; x_wconf 83' lang='lat' dir='ltr'><strong>titi</strong></span> <span class='ocrx_word' id='word_1_103' title='bbox 880 2240 909 2275; x_wconf 77' lang='lat' dir='ltr'><strong>ree</strong></span> <span class='ocrx_word' id='word_1_104' title='bbox 926 2225 1008 2274; x_wconf 71' lang='lat' dir='ltr'><strong>uidem</strong></span> <span class='ocrx_word' id='word_1_105' title='bbox 1017 2223 1144 2285; x_wconf 79' lang='lat' dir='ltr'><strong>molestior,</strong></span> <span class='ocrx_word' id='word_1_106' title='bbox 1153 2222 1226 2289; x_wconf 84' lang='lat' dir='ltr'><strong>quod</strong></span> <span class='ocrx_word' id='word_1_107' title='bbox 1234 2220 1299 2273; x_wconf 77' lang='lat' dir='ltr'><strong>terri</strong></span> <span class='ocrx_word' id='word_1_108' title='bbox 1315 2238 1391 2287; x_wconf 90' lang='lat' dir='ltr'><strong>pesse</strong></span> 
     </span>
     <span class='ocr_line' id='line_1_16' title="bbox 288 2287 1392 2354; baseline -0.004 -15"><span class='ocrx_word' id='word_1_109' title='bbox 288 2291 421 2340; x_wconf 79' lang='lat' dir='ltr'><strong>existimat</strong></span> <span class='ocrx_word' id='word_1_110' title='bbox 438 2291 513 2341; x_wconf 88' lang='lat' dir='ltr'><strong>Brot.</strong></span> <span class='ocrx_word' id='word_1_111' title='bbox 529 2305 588 2341; x_wconf 86' lang='lat' dir='ltr'><strong>eum</strong></span> <span class='ocrx_word' id='word_1_112' title='bbox 604 2290 680 2340; x_wconf 85' lang='lat' dir='ltr'><strong>iiters</strong></span> <span class='ocrx_word' id='word_1_113' title='bbox 700 2306 724 2339; x_wconf 80' lang='lat' dir='ltr'><strong>m</strong></span> <span class='ocrx_word' id='word_1_114' title='bbox 740 2306 811 2354; x_wconf 79' lang='lat' dir='ltr'><strong>saepe</strong></span> <span class='ocrx_word' id='word_1_115' title='bbox 828 2306 843 2339; x_wconf 85' lang='lat' dir='ltr'><strong>a</strong></span> <span class='ocrx_word' id='word_1_116' title='bbox 862 2289 974 2339; x_wconf 83' lang='lat' dir='ltr'><strong>Phaedro</strong></span> <span class='ocrx_word' id='word_1_117' title='bbox 985 2302 1036 2337; x_wconf 88' lang='lat' dir='ltr'><strong>nou</strong></span> <span class='ocrx_word' id='word_1_118' title='bbox 1047 2288 1157 2336; x_wconf 74' lang='lat' dir='ltr'><strong>eliciatur.</strong></span> <span class='ocrx_word' id='word_1_119' title='bbox 1192 2288 1287 2351; x_wconf 74' lang='lat' dir='ltr'><strong>itaque</strong></span> <span class='ocrx_word' id='word_1_120' title='bbox 1299 2287 1392 2348; x_wconf 79' lang='lat' dir='ltr'><strong>edidit,</strong></span> 
     </span>
     <span class='ocr_line' id='line_1_17' title="bbox 288 2350 1392 2419; baseline -0.003 -16"><span class='ocrx_word' id='word_1_121' title='bbox 288 2361 347 2419; x_wconf 90' lang='lat' dir='ltr'><strong>post</strong></span> <span class='ocrx_word' id='word_1_122' title='bbox 359 2354 525 2405; x_wconf 81' lang='lat' dir='ltr'><strong>Nereletum.</strong></span> <span class='ocrx_word' id='word_1_123' title='bbox 558 2354 677 2403; x_wconf 86' lang='lat' dir='ltr'><strong>Pithoeus</strong></span> <span class='ocrx_word' id='word_1_124' title='bbox 687 2355 881 2415; x_wconf 75' lang='lat' dir='ltr'><strong>emendaverat,</strong></span> <span class='ocrx_word' id='word_1_125' title='bbox 893 2353 1011 2413; x_wconf 81' lang='lat' dir='ltr'><strong>Primum,</strong></span> <span class='ocrx_word' id='word_1_126' title='bbox 1028 2350 1073 2399; x_wconf 81' lang='lat' dir='ltr'><strong>iiii</strong></span> <span class='ocrx_word' id='word_1_127' title='bbox 1084 2364 1171 2399; x_wconf 75' lang='lat' dir='ltr'><strong>essene</strong></span> <span class='ocrx_word' id='word_1_128' title='bbox 1183 2364 1207 2400; x_wconf 88' lang='lat' dir='ltr'><strong>o.</strong></span> <span class='ocrx_word' id='word_1_129' title='bbox 1218 2366 1250 2399; x_wconf 87' lang='lat' dir='ltr'><strong>m.</strong></span> <span class='ocrx_word' id='word_1_130' title='bbox 1266 2350 1308 2399; x_wconf 88' lang='lat' dir='ltr'><strong>cui</strong></span> <span class='ocrx_word' id='word_1_131' title='bbox 1317 2350 1392 2400; x_wconf 88' lang='lat' dir='ltr'><strong>obse·</strong></span> 
     </span>
     <span class='ocr_line' id='line_1_18' title="bbox 291 2413 1391 2481; baseline -0.003 -15"><span class='ocrx_word' id='word_1_132' title='bbox 291 2422 406 2481; x_wconf 81' lang='lat' dir='ltr'><strong>quantur</strong></span> <span class='ocrx_word' id='word_1_133' title='bbox 416 2418 487 2466; x_wconf 86' lang='lat' dir='ltr'><strong>Gud.</strong></span> <span class='ocrx_word' id='word_1_134' title='bbox 499 2418 651 2480; x_wconf 75' lang='lat' dir='ltr'><strong>Hoogstrat.</strong></span> <span class='ocrx_word' id='word_1_135' title='bbox 663 2418 769 2466; x_wconf 78' lang='lat' dir='ltr'><strong>Latiam.</strong></span> <span class='ocrx_word' id='word_1_136' title='bbox 793 2417 928 2467; x_wconf 86' lang='lat' dir='ltr'><strong>Bentleius</strong></span> <span class='ocrx_word' id='word_1_137' title='bbox 938 2414 1055 2479; x_wconf 84' lang='lat' dir='ltr'><strong>reponit:</strong></span> <span class='ocrx_word' id='word_1_138' title='bbox 1070 2413 1180 2467; x_wconf 71' lang='lat' dir='ltr'><strong>Primum</strong></span> <span class='ocrx_word' id='word_1_139' title='bbox 1190 2428 1239 2464; x_wconf 88' lang='lat' dir='ltr'><strong>esse</strong></span> <span class='ocrx_word' id='word_1_140' title='bbox 1249 2414 1329 2463; x_wconf 77' lang='lat' dir='ltr'><strong>ridear</strong></span> <span class='ocrx_word' id='word_1_141' title='bbox 1338 2429 1363 2463; x_wconf 79' lang='lat' dir='ltr'><strong>o.</strong></span> <span class='ocrx_word' id='word_1_142' title='bbox 1372 2418 1391 2464; x_wconf 93' lang='lat' dir='ltr'><strong>t.</strong></span> 
     </span>
     <span class='ocr_line' id='line_1_19' title="bbox 288 2476 1393 2604; baseline 0.001 -15"><span class='ocrx_word' id='word_1_143' title='bbox 288 2476 1393 2604; x_wconf 52' lang='lat' dir='ltr'><strong>atttt‘¹.titt.‘⁵t‘.¹.⁰ttt.³.tttitttt⁰it⁰ttut⁰t⁸tttttitt“titt</strong></span> 
     </span>
     <span class='ocr_line' id='line_1_20' title="bbox 290 2556 1394 2669; baseline 0.003 -17"><span class='ocrx_word' id='word_1_144' title='bbox 290 2575 390 2667; x_wconf 75' lang='lat' dir='ltr'><strong>possit:</strong></span> <span class='ocrx_word' id='word_1_145' title='bbox 417 2604 566 2653; x_wconf 88' lang='lat' dir='ltr'><strong>Bentleium</strong></span> <span class='ocrx_word' id='word_1_146' title='bbox 584 2611 670 2653; x_wconf 81' lang='lat' dir='ltr'><strong>tamen</strong></span> <span class='ocrx_word' id='word_1_147' title='bbox 688 2578 806 2669; x_wconf 65' lang='lat' dir='ltr'><strong>seq’uitur</strong></span> <span class='ocrx_word' id='word_1_148' title='bbox 822 2605 1022 2667; x_wconf 83' lang='lat' dir='ltr'><strong>Cuninghamus.</strong></span> <span class='ocrx_word' id='word_1_149' title='bbox 1062 2603 1160 2655; x_wconf 79' lang='lat' dir='ltr'><strong>Harius</strong></span> <span class='ocrx_word' id='word_1_150' title='bbox 1175 2603 1292 2667; x_wconf 84' lang='lat' dir='ltr'><strong>conjicit,</strong></span> <span class='ocrx_word' id='word_1_151' title='bbox 1311 2556 1394 2655; x_wconf 60' lang='lat' dir='ltr'><strong>eidssir</strong></span> 
     </span>
     <span class='ocr_line' id='line_1_21' title="bbox 288 2667 1393 2732; baseline 0 -16"><span class='ocrx_word' id='word_1_152' title='bbox 288 2682 332 2729; x_wconf 67' lang='lat' dir='ltr'><strong>ego</strong></span> <span class='ocrx_word' id='word_1_153' title='bbox 340 2668 473 2716; x_wconf 78' lang='lat' dir='ltr'><strong>molestior:</strong></span> <span class='ocrx_word' id='word_1_154' title='bbox 489 2668 573 2718; x_wconf 87' lang='lat' dir='ltr'><strong>nescit</strong></span> <span class='ocrx_word' id='word_1_155' title='bbox 583 2668 756 2731; x_wconf 79' lang='lat' dir='ltr'><strong>Burmannus,</strong></span> <span class='ocrx_word' id='word_1_156' title='bbox 766 2685 818 2732; x_wconf 85' lang='lat' dir='ltr'><strong>qua</strong></span> <span class='ocrx_word' id='word_1_157' title='bbox 830 2670 959 2731; x_wconf 83' lang='lat' dir='ltr'><strong>elegantia</strong></span> <span class='ocrx_word' id='word_1_158' title='bbox 971 2674 1017 2717; x_wconf 89' lang='lat' dir='ltr'><strong>aut</strong></span> <span class='ocrx_word' id='word_1_159' title='bbox 1032 2668 1195 2731; x_wconf 67' lang='lat' dir='ltr'><strong>nenessitate.</strong></span> <span class='ocrx_word' id='word_1_160' title='bbox 1229 2667 1393 2731; x_wconf 76' lang='lat' dir='ltr'><strong>lectionem,</strong></span> 
     </span>
     <span class='ocr_line' id='line_1_22' title="bbox 289 2728 1393 2795; baseline 0.002 -16"><span class='ocrx_word' id='word_1_161' title='bbox 289 2744 340 2779; x_wconf 85' lang='lat' dir='ltr'><strong>esse</strong></span> <span class='ocrx_word' id='word_1_162' title='bbox 353 2745 382 2779; x_wconf 79' lang='lat' dir='ltr'><strong>rte</strong></span> <span class='ocrx_word' id='word_1_163' title='bbox 393 2730 439 2780; x_wconf 79' lang='lat' dir='ltr'><strong>tibi</strong></span> <span class='ocrx_word' id='word_1_164' title='bbox 454 2746 478 2779; x_wconf 83' lang='lat' dir='ltr'><strong>o.</strong></span> <span class='ocrx_word' id='word_1_165' title='bbox 489 2746 520 2780; x_wconf 79' lang='lat' dir='ltr'><strong>m.</strong></span> <span class='ocrx_word' id='word_1_166' title='bbox 538 2730 634 2780; x_wconf 82' lang='lat' dir='ltr'><strong>habent</strong></span> <span class='ocrx_word' id='word_1_167' title='bbox 650 2731 738 2781; x_wconf 87' lang='lat' dir='ltr'><strong>Ursin.</strong></span> <span class='ocrx_word' id='word_1_168' title='bbox 754 2733 819 2782; x_wconf 81' lang='lat' dir='ltr'><strong>Feb.</strong></span> <span class='ocrx_word' id='word_1_169' title='bbox 840 2728 935 2783; x_wconf 83' lang='lat' dir='ltr'><strong>Scheff.</strong></span> <span class='ocrx_word' id='word_1_170' title='bbox 952 2732 1094 2783; x_wconf 83' lang='lat' dir='ltr'><strong>Burmann.</strong></span> <span class='ocrx_word' id='word_1_171' title='bbox 1115 2730 1258 2795; x_wconf 88' lang='lat' dir='ltr'><strong>Bipontini,</strong></span> <span class='ocrx_word' id='word_1_172' title='bbox 1269 2730 1321 2780; x_wconf 84' lang='lat' dir='ltr'><strong>eiii.</strong></span> <span class='ocrx_word' id='word_1_173' title='bbox 1354 2730 1393 2781; x_wconf 81' lang='lat' dir='ltr'><strong>As</strong></span> 
     </span>
     <span class='ocr_line' id='line_1_23' title="bbox 290 2793 1406 2857; baseline 0.004 -16"><span class='ocrx_word' id='word_1_174' title='bbox 290 2807 416 2844; x_wconf 84' lang='lat' dir='ltr'><strong>veronen</strong></span> <span class='ocrx_word' id='word_1_175' title='bbox 428 2800 524 2843; x_wconf 83' lang='lat' dir='ltr'><strong>temese</strong></span> <span class='ocrx_word' id='word_1_176' title='bbox 541 2794 679 2857; x_wconf 86' lang='lat' dir='ltr'><strong>rejicienda</strong></span> <span class='ocrx_word' id='word_1_177' title='bbox 689 2802 747 2844; x_wconf 90' lang='lat' dir='ltr'><strong>erat</strong></span> <span class='ocrx_word' id='word_1_178' title='bbox 758 2794 883 2845; x_wconf 83' lang='lat' dir='ltr'><strong>librorum</strong></span> <span class='ocrx_word' id='word_1_179' title='bbox 895 2795 1050 2857; x_wconf 84' lang='lat' dir='ltr'><strong>scriptorum</strong></span> <span class='ocrx_word' id='word_1_180' title='bbox 1063 2793 1151 2847; x_wconf 84' lang='lat' dir='ltr'><strong>lectio.</strong></span> <span class='ocrx_word' id='word_1_181' title='bbox 1183 2794 1243 2845; x_wconf 87' lang='lat' dir='ltr'><strong>Vid.</strong></span> <span class='ocrx_word' id='word_1_182' title='bbox 1257 2796 1347 2845; x_wconf 86' lang='lat' dir='ltr'><strong>Burm.</strong></span> <span class='ocrx_word' id='word_1_183' title='bbox 1359 2796 1406 2845; x_wconf 90' lang='lat' dir='ltr'><strong>ad·</strong></span> 
     </span>
     <span class='ocr_line' id='line_1_24' title="bbox 292 2856 1393 2921; baseline 0.001 -15"><span class='ocrx_word' id='word_1_184' title='bbox 292 2858 490 2907; x_wconf 70' lang='lat' dir='ltr'><strong>Petromedt.</strong></span> <span class='ocrx_word' id='word_1_185' title='bbox 521 2859 648 2909; x_wconf 77' lang='lat' dir='ltr'><strong>molestior.</strong></span> <span class='ocrx_word' id='word_1_186' title='bbox 682 2859 796 2908; x_wconf 84' lang='lat' dir='ltr'><strong>Gronov.</strong></span> <span class='ocrx_word' id='word_1_187' title='bbox 817 2860 869 2921; x_wconf 85' lang='lat' dir='ltr'><strong>legi</strong></span> <span class='ocrx_word' id='word_1_188' title='bbox 889 2856 944 2907; x_wconf 85' lang='lat' dir='ltr'><strong>vuit</strong></span> <span class='ocrx_word' id='word_1_189' title='bbox 955 2859 1123 2917; x_wconf 75' lang='lat' dir='ltr'><strong>immodestior.</strong></span> <span class='ocrx_word' id='word_1_190' title='bbox 1155 2858 1307 2921; x_wconf 75' lang='lat' dir='ltr'><strong>Perpetem.</strong></span> <span class='ocrx_word' id='word_1_191' title='bbox 1324 2860 1393 2909; x_wconf 86' lang='lat' dir='ltr'><strong>Nam</strong></span> 
     </span>
     <span class='ocr_line' id='line_1_25' title="bbox 290 2920 1392 2985; baseline 0 -14"><span class='ocrx_word' id='word_1_192' title='bbox 290 2921 452 2971; x_wconf 88' lang='lat' dir='ltr'><strong>immodestia</strong></span> <span class='ocrx_word' id='word_1_193' title='bbox 467 2922 587 2972; x_wconf 80' lang='lat' dir='ltr'><strong>consistit</strong></span> <span class='ocrx_word' id='word_1_194' title='bbox 598 2923 625 2970; x_wconf 94' lang='lat' dir='ltr'><strong>in</strong></span> <span class='ocrx_word' id='word_1_195' title='bbox 641 2922 789 2985; x_wconf 80' lang='lat' dir='ltr'><strong>procaciter</strong></span> <span class='ocrx_word' id='word_1_196' title='bbox 819 2921 914 2971; x_wconf 90' lang='lat' dir='ltr'><strong>etendo</strong></span> <span class='ocrx_word' id='word_1_197' title='bbox 926 2922 1034 2985; x_wconf 85' lang='lat' dir='ltr'><strong>aliquid,</strong></span> <span class='ocrx_word' id='word_1_198' title='bbox 1050 2930 1079 2972; x_wconf 87' lang='lat' dir='ltr'><strong>ut</strong></span> <span class='ocrx_word' id='word_1_199' title='bbox 1090 2921 1136 2972; x_wconf 88' lang='lat' dir='ltr'><strong>lib.</strong></span> <span class='ocrx_word' id='word_1_200' title='bbox 1147 2934 1178 2971; x_wconf 92' lang='grc' dir='ltr'><strong>ιι.</strong></span> <span class='ocrx_word' id='word_1_201' title='bbox 1189 2920 1242 2969; x_wconf 65' lang='lat' dir='ltr'><strong>rau.</strong></span> <span class='ocrx_word' id='word_1_202' title='bbox 1254 2926 1277 2971; x_wconf 94' lang='lat'><strong>1.</strong></span> <span class='ocrx_word' id='word_1_203' title='bbox 1290 2926 1329 2970; x_wconf 84' lang='lat'><strong>15.</strong></span> <span class='ocrx_word' id='word_1_204' title='bbox 1346 2922 1392 2971; x_wconf 83' lang='lat' dir='ltr'><strong>nbi</strong></span> 
     </span>
     <span class='ocr_line' id='line_1_26' title="bbox 291 2938 1394 3098; baseline -0.002 -63"><span class='ocrx_word' id='word_1_205' title='bbox 291 2986 403 3035; x_wconf 86' lang='lat' dir='ltr'><strong>modesti</strong></span> <span class='ocrx_word' id='word_1_206' title='bbox 423 2993 590 3048; x_wconf 88' lang='lat' dir='ltr'><strong>opponuntur</strong></span> <span class='ocrx_word' id='word_1_207' title='bbox 608 2985 725 3049; x_wconf 80' lang='lat' dir='ltr'><strong>cupidis3</strong></span> <span class='ocrx_word' id='word_1_208' title='bbox 744 2938 888 3036; x_wconf 60' lang='lat' dir='ltr'><strong>nihirvero</strong></span> <span class='ocrx_word' id='word_1_209' title='bbox 908 2986 949 3034; x_wconf 86' lang='lat' dir='ltr'><strong>iris</strong></span> <span class='ocrx_word' id='word_1_210' title='bbox 964 2986 1038 3098; x_wconf 60' lang='lat' dir='ltr'><strong>getii</strong></span> <span class='ocrx_word' id='word_1_211' title='bbox 1052 2985 1187 3046; x_wconf 72' lang='lat' dir='ltr'><strong>Phaedrus,</strong></span> <span class='ocrx_word' id='word_1_212' title='bbox 1204 2984 1250 3033; x_wconf 84' lang='lat' dir='ltr'><strong>sed</strong></span> <span class='ocrx_word' id='word_1_213' title='bbox 1268 2984 1394 3034; x_wconf 83' lang='lat' dir='ltr'><strong>brevitati</strong></span> 
     </span>
     <span class='ocr_line' id='line_1_27' title="bbox 289 3048 1394 3113; baseline -0.001 -16"><span class='ocrx_word' id='word_1_214' title='bbox 289 3063 343 3098; x_wconf 77' lang='lat' dir='ltr'><strong>sum</strong></span> <span class='ocrx_word' id='word_1_215' title='bbox 355 3049 410 3097; x_wconf 86' lang='lat' dir='ltr'><strong>ruit</strong></span> <span class='ocrx_word' id='word_1_216' title='bbox 421 3049 516 3109; x_wconf 79' lang='lat' dir='ltr'><strong>gratias</strong></span> <span class='ocrx_word' id='word_1_217' title='bbox 534 3048 638 3097; x_wconf 87' lang='lat' dir='ltr'><strong>deberi:</strong></span> <span class='ocrx_word' id='word_1_218' title='bbox 656 3048 682 3097; x_wconf 95' lang='lat' dir='ltr'><strong>id</strong></span> <span class='ocrx_word' id='word_1_219' title='bbox 702 3050 772 3113; x_wconf 90' lang='lat' dir='ltr'><strong>quod</strong></span> <span class='ocrx_word' id='word_1_220' title='bbox 789 3058 868 3100; x_wconf 77' lang='lat' dir='ltr'><strong>sente</strong></span> <span class='ocrx_word' id='word_1_221' title='bbox 886 3048 952 3098; x_wconf 87' lang='lat' dir='ltr'><strong>vidit</strong></span> <span class='ocrx_word' id='word_1_222' title='bbox 989 3048 1202 3111; x_wconf 80' lang='lat' dir='ltr'><strong>rrrmennus,fuse</strong></span> <span class='ocrx_word' id='word_1_223' title='bbox 1216 3052 1307 3099; x_wconf 81' lang='lat' dir='ltr'><strong>centn</strong></span> <span class='ocrx_word' id='word_1_224' title='bbox 1324 3048 1394 3097; x_wconf 83' lang='lat' dir='ltr'><strong>Gro-</strong></span> 
     </span>
     <span class='ocr_line' id='line_1_28' title="bbox 290 3111 1392 3173; baseline 0.001 -12"><span class='ocrx_word' id='word_1_225' title='bbox 290 3116 350 3162; x_wconf 83' lang='lat' dir='ltr'><strong>nov.</strong></span> <span class='ocrx_word' id='word_1_226' title='bbox 372 3111 563 3173; x_wconf 75' lang='lat' dir='ltr'><strong>disputans-t</strong></span> <span class='ocrx_word' id='word_1_227' title='bbox 580 3111 723 3171; x_wconf 74' lang='lat' dir='ltr'><strong>Distringit.</strong></span> <span class='ocrx_word' id='word_1_228' title='bbox 751 3115 817 3163; x_wconf 89' lang='lat' dir='ltr'><strong>Mss.</strong></span> <span class='ocrx_word' id='word_1_229' title='bbox 833 3113 904 3163; x_wconf 89' lang='lat' dir='ltr'><strong>Pith.</strong></span> <span class='ocrx_word' id='word_1_230' title='bbox 921 3114 997 3165; x_wconf 86' lang='lat' dir='ltr'><strong>Rem.</strong></span> <span class='ocrx_word' id='word_1_231' title='bbox 1020 3113 1142 3163; x_wconf 84' lang='lat' dir='ltr'><strong>Nevelet.</strong></span> <span class='ocrx_word' id='word_1_232' title='bbox 1165 3111 1263 3173; x_wconf 73' lang='lat' dir='ltr'><strong>Rigalt.</strong></span> <span class='ocrx_word' id='word_1_233' title='bbox 1283 3116 1309 3161; x_wconf 78' lang='lat'><strong>2.</strong></span> <span class='ocrx_word' id='word_1_234' title='bbox 1325 3112 1392 3163; x_wconf 77' lang='lat' dir='ltr'><strong>Feb.</strong></span> 
     </span>
     <span class='ocr_line' id='line_1_29' title="bbox 290 3174 1393 3238; baseline 0.002 -15"><span class='ocrx_word' id='word_1_235' title='bbox 290 3175 398 3223; x_wconf 85' lang='lat' dir='ltr'><strong>Laiiem.</strong></span> <span class='ocrx_word' id='word_1_236' title='bbox 417 3174 490 3221; x_wconf 86' lang='lat' dir='ltr'><strong>Brut.</strong></span> <span class='ocrx_word' id='word_1_237' title='bbox 509 3175 604 3222; x_wconf 88' lang='lat' dir='ltr'><strong>Danet.</strong></span> <span class='ocrx_word' id='word_1_238' title='bbox 626 3175 660 3223; x_wconf 84' lang='lat' dir='ltr'><strong>al.</strong></span> <span class='ocrx_word' id='word_1_239' title='bbox 680 3174 830 3238; x_wconf 79' lang='lat' dir='ltr'><strong>Destrirgit.</strong></span> <span class='ocrx_word' id='word_1_240' title='bbox 864 3176 916 3227; x_wconf 80' lang='lat' dir='ltr'><strong>Sed</strong></span> <span class='ocrx_word' id='word_1_241' title='bbox 935 3177 979 3227; x_wconf 90' lang='lat' dir='ltr'><strong>alii</strong></span> <span class='ocrx_word' id='word_1_242' title='bbox 996 3178 1093 3227; x_wconf 85' lang='lat' dir='ltr'><strong>rectius</strong></span> <span class='ocrx_word' id='word_1_243' title='bbox 1113 3175 1261 3236; x_wconf 72' lang='lat' dir='ltr'><strong>Distringit,</strong></span> <span class='ocrx_word' id='word_1_244' title='bbox 1283 3175 1393 3238; x_wconf 86' lang='lat' dir='ltr'><strong>proban·</strong></span> 
     </span>
     <span class='ocr_line' id='line_1_30' title="bbox 292 3236 1393 3300; baseline 0.004 -15"><span class='ocrx_word' id='word_1_245' title='bbox 292 3236 361 3285; x_wconf 89' lang='lat' dir='ltr'><strong>tibus</strong></span> <span class='ocrx_word' id='word_1_246' title='bbox 372 3236 520 3285; x_wconf 85' lang='lat' dir='ltr'><strong>Burmanno</strong></span> <span class='ocrx_word' id='word_1_247' title='bbox 539 3242 567 3285; x_wconf 86' lang='lat' dir='ltr'><strong>et</strong></span> <span class='ocrx_word' id='word_1_248' title='bbox 582 3237 689 3286; x_wconf 89' lang='lat' dir='ltr'><strong>Desbiii.</strong></span> <span class='ocrx_word' id='word_1_249' title='bbox 724 3239 791 3287; x_wconf 84' lang='lat' dir='ltr'><strong>Haeo</strong></span> <span class='ocrx_word' id='word_1_250' title='bbox 810 3239 862 3289; x_wconf 90' lang='lat' dir='ltr'><strong>duo</strong></span> <span class='ocrx_word' id='word_1_251' title='bbox 873 3238 954 3289; x_wconf 82' lang='lat' dir='ltr'><strong>rerba</strong></span> <span class='ocrx_word' id='word_1_252' title='bbox 966 3254 1016 3289; x_wconf 91' lang='lat' dir='ltr'><strong>nou</strong></span> <span class='ocrx_word' id='word_1_253' title='bbox 1028 3254 1087 3289; x_wconf 89' lang='lat' dir='ltr'><strong>raro</strong></span> <span class='ocrx_word' id='word_1_254' title='bbox 1106 3252 1122 3287; x_wconf 82' lang='lat' dir='ltr'><strong>s</strong></span> <span class='ocrx_word' id='word_1_255' title='bbox 1138 3237 1249 3287; x_wconf 85' lang='lat' dir='ltr'><strong>librariis</strong></span> <span class='ocrx_word' id='word_1_256' title='bbox 1262 3237 1393 3300; x_wconf 82' lang='lat' dir='ltr'><strong>contundi,</strong></span> 
     </span>
     <span class='ocr_line' id='line_1_31' title="bbox 291 3298 1393 3360; baseline 0.002 -11"><span class='ocrx_word' id='word_1_257' title='bbox 291 3300 388 3349; x_wconf 82' lang='lat' dir='ltr'><strong>dooere</strong></span> <span class='ocrx_word' id='word_1_258' title='bbox 405 3304 494 3360; x_wconf 88' lang='lat' dir='ltr'><strong>potest</strong></span> <span class='ocrx_word' id='word_1_259' title='bbox 510 3299 631 3349; x_wconf 81' lang='lat' dir='ltr'><strong>varietas</strong></span> <span class='ocrx_word' id='word_1_260' title='bbox 651 3300 782 3350; x_wconf 73' lang='lat' dir='ltr'><strong>iectionis</strong></span> <span class='ocrx_word' id='word_1_261' title='bbox 798 3302 832 3351; x_wconf 85' lang='lat' dir='ltr'><strong>ad</strong></span> <span class='ocrx_word' id='word_1_262' title='bbox 850 3302 896 3351; x_wconf 88' lang='lat' dir='ltr'><strong>lib.</strong></span> <span class='ocrx_word' id='word_1_263' title='bbox 909 3317 928 3353; x_wconf 90' lang='grc' dir='ltr'><strong>ι.</strong></span> <span class='ocrx_word' id='word_1_264' title='bbox 950 3303 1003 3352; x_wconf 85' lang='lat' dir='ltr'><strong>tab.</strong></span> <span class='ocrx_word' id='word_1_265' title='bbox 1015 3307 1056 3353; x_wconf 75' lang='lat'><strong>29.</strong></span> <span class='ocrx_word' id='word_1_266' title='bbox 1068 3307 1093 3352; x_wconf 76' lang='lat' dir='ltr'><strong>t.</strong></span> <span class='ocrx_word' id='word_1_267' title='bbox 1111 3298 1155 3350; x_wconf 85' lang='lat' dir='ltr'><strong>lib.</strong></span> <span class='ocrx_word' id='word_1_268' title='bbox 1166 3313 1198 3351; x_wconf 93' lang='grc' dir='ltr'><strong>ιι.</strong></span> <span class='ocrx_word' id='word_1_269' title='bbox 1210 3300 1297 3351; x_wconf 83' lang='lat' dir='ltr'><strong>tab.5.</strong></span> <span class='ocrx_word' id='word_1_270' title='bbox 1310 3306 1349 3352; x_wconf 78' lang='lat' dir='ltr'><strong>lt.</strong></span> <span class='ocrx_word' id='word_1_271' title='bbox 1366 3308 1393 3351; x_wconf 88' lang='lat' dir='ltr'><strong>et</strong></span> 
     </span>
     <span class='ocr_line' id='line_1_32' title="bbox 290 3361 1401 3430; baseline 0.001 -18"><span class='ocrx_word' id='word_1_272' title='bbox 290 3361 593 3413; x_wconf 79' lang='lat' dir='ltr'><strong>lib.1r.fab.o.1.-⁵</strong></span> <span class='ocrx_word' id='word_1_273' title='bbox 616 3364 717 3427; x_wconf 77' lang='lat' dir='ltr'><strong>Aliquid</strong></span> <span class='ocrx_word' id='word_1_274' title='bbox 734 3365 812 3429; x_wconf 79' lang='lat' dir='ltr'><strong>operis</strong></span> <span class='ocrx_word' id='word_1_275' title='bbox 828 3366 927 3416; x_wconf 70' lang='lat' dir='ltr'><strong>residui.</strong></span> <span class='ocrx_word' id='word_1_276' title='bbox 961 3366 1057 3415; x_wconf 83' lang='lat' dir='ltr'><strong>Harius</strong></span> <span class='ocrx_word' id='word_1_277' title='bbox 1074 3364 1172 3414; x_wconf 82' lang='lat' dir='ltr'><strong>mavult</strong></span> <span class='ocrx_word' id='word_1_278' title='bbox 1187 3364 1315 3427; x_wconf 76' lang='lat' dir='ltr'><strong>residuam,</strong></span> <span class='ocrx_word' id='word_1_279' title='bbox 1334 3366 1401 3430; x_wconf 86' lang='lat' dir='ltr'><strong>quia&#39;</strong></span> 
     </span>
     <span class='ocr_line' id='line_1_33' title="bbox 292 3425 1391 3493; baseline 0.001 -17"><span class='ocrx_word' id='word_1_280' title='bbox 292 3425 386 3476; x_wconf 59' lang='lat' dir='ltr'><strong>listins</strong></span> <span class='ocrx_word' id='word_1_281' title='bbox 396 3425 447 3475; x_wconf 86' lang='lat' dir='ltr'><strong>diei</strong></span> <span class='ocrx_word' id='word_1_282' title='bbox 458 3440 509 3475; x_wconf 90' lang='lat' dir='ltr'><strong>non</strong></span> <span class='ocrx_word' id='word_1_283' title='bbox 520 3441 595 3489; x_wconf 85' lang='lat' dir='ltr'><strong>posse</strong></span> <span class='ocrx_word' id='word_1_284' title='bbox 605 3434 705 3493; x_wconf 83' lang='lat' dir='ltr'><strong>censet,</strong></span> <span class='ocrx_word' id='word_1_285' title='bbox 713 3429 805 3493; x_wconf 77' lang='lat' dir='ltr'><strong>aliquid</strong></span> <span class='ocrx_word' id='word_1_286' title='bbox 820 3431 897 3493; x_wconf 86' lang='lat' dir='ltr'><strong>operis</strong></span> <span class='ocrx_word' id='word_1_287' title='bbox 908 3430 995 3493; x_wconf 79' lang='lat' dir='ltr'><strong>rettcrt,</strong></span> <span class='ocrx_word' id='word_1_288' title='bbox 1006 3430 1053 3479; x_wconf 89' lang='lat' dir='ltr'><strong>sed</strong></span> <span class='ocrx_word' id='word_1_289' title='bbox 1062 3428 1178 3479; x_wconf 78' lang='lat' dir='ltr'><strong>reiistmrr.</strong></span> <span class='ocrx_word' id='word_1_290' title='bbox 1212 3428 1290 3477; x_wconf 87' lang='lat' dir='ltr'><strong>Hunc</strong></span> <span class='ocrx_word' id='word_1_291' title='bbox 1302 3426 1391 3479; x_wconf 86' lang='lat' dir='ltr'><strong>confu-</strong></span> 
     </span>
     <span class='ocr_line' id='line_1_34' title="bbox 292 3490 1392 3554; baseline 0 -14"><span class='ocrx_word' id='word_1_292' title='bbox 292 3497 333 3540; x_wconf 87' lang='lat' dir='ltr'><strong>tat</strong></span> <span class='ocrx_word' id='word_1_293' title='bbox 344 3490 534 3539; x_wconf 79' lang='lat' dir='ltr'><strong>Burmann.—d</strong></span> <span class='ocrx_word' id='word_1_294' title='bbox 550 3492 671 3541; x_wconf 73' lang='lat' dir='ltr'><strong>Materies.</strong></span> <span class='ocrx_word' id='word_1_295' title='bbox 700 3493 765 3543; x_wconf 83' lang='lat' dir='ltr'><strong>Mss.</strong></span> <span class='ocrx_word' id='word_1_296' title='bbox 776 3492 848 3544; x_wconf 91' lang='lat' dir='ltr'><strong>Pith.</strong></span> <span class='ocrx_word' id='word_1_297' title='bbox 860 3492 936 3543; x_wconf 79' lang='lat' dir='ltr'><strong>Rem</strong></span> <span class='ocrx_word' id='word_1_298' title='bbox 945 3493 1043 3543; x_wconf 82' lang='lat' dir='ltr'><strong>habent</strong></span> <span class='ocrx_word' id='word_1_299' title='bbox 1050 3496 1154 3543; x_wconf 74' lang='lat' dir='ltr'><strong>nutare.</strong></span> <span class='ocrx_word' id='word_1_300' title='bbox 1163 3506 1188 3541; x_wconf 77' lang='grc' dir='ltr'><strong>ι’.</strong></span> <span class='ocrx_word' id='word_1_301' title='bbox 1199 3492 1314 3541; x_wconf 86' lang='lat' dir='ltr'><strong>Brotier.</strong></span> <span class='ocrx_word' id='word_1_302' title='bbox 1341 3491 1392 3554; x_wconf 79' lang='lat' dir='ltr'><strong>Sed</strong></span> 
     </span>
     <span class='ocr_line' id='line_1_35' title="bbox 291 3553 1391 3620; baseline -0.001 -16"><span class='ocrx_word' id='word_1_303' title='bbox 291 3553 392 3604; x_wconf 86' lang='lat' dir='ltr'><strong>Gndius</strong></span> <span class='ocrx_word' id='word_1_304' title='bbox 402 3556 495 3602; x_wconf 76' lang='lat' dir='ltr'><strong>nutura</strong></span> <span class='ocrx_word' id='word_1_305' title='bbox 506 3567 593 3604; x_wconf 86' lang='lat' dir='ltr'><strong>reram</strong></span> <span class='ocrx_word' id='word_1_306' title='bbox 604 3562 632 3604; x_wconf 90' lang='lat' dir='ltr'><strong>et</strong></span> <span class='ocrx_word' id='word_1_307' title='bbox 643 3556 779 3619; x_wconf 75' lang='lat' dir='ltr'><strong>genuinam</strong></span> <span class='ocrx_word' id='word_1_308' title='bbox 814 3562 872 3606; x_wconf 81' lang='lat' dir='ltr'><strong>utet</strong></span> <span class='ocrx_word' id='word_1_309' title='bbox 884 3570 941 3606; x_wconf 84' lang='lat' dir='ltr'><strong>esre</strong></span> <span class='ocrx_word' id='word_1_310' title='bbox 950 3556 1098 3620; x_wconf 84' lang='lat' dir='ltr'><strong>tectionem,</strong></span> <span class='ocrx_word' id='word_1_311' title='bbox 1109 3561 1138 3605; x_wconf 89' lang='lat' dir='ltr'><strong>ut</strong></span> <span class='ocrx_word' id='word_1_312' title='bbox 1149 3560 1239 3605; x_wconf 72' lang='lat' dir='ltr'><strong>astures</strong></span> <span class='ocrx_word' id='word_1_313' title='bbox 1249 3560 1318 3604; x_wconf 80' lang='lat' dir='ltr'><strong>tento</strong></span> <span class='ocrx_word' id='word_1_314' title='bbox 1325 3558 1391 3618; x_wconf 82' lang='lat' dir='ltr'><strong>sopio</strong></span> 
     </span>
     <span class='ocr_line' id='line_1_36' title="bbox 290 3616 1393 3683; baseline 0 -16"><span class='ocrx_word' id='word_1_315' title='bbox 290 3618 361 3667; x_wconf 87' lang='lat' dir='ltr'><strong>idem</strong></span> <span class='ocrx_word' id='word_1_316' title='bbox 372 3618 408 3667; x_wconf 87' lang='lat' dir='ltr'><strong>sit</strong></span> <span class='ocrx_word' id='word_1_317' title='bbox 416 3616 495 3680; x_wconf 88' lang='lat' dir='ltr'><strong>quod,</strong></span> <span class='ocrx_word' id='word_1_318' title='bbox 509 3618 632 3683; x_wconf 84' lang='lat' dir='ltr'><strong>‘copiosa</strong></span> <span class='ocrx_word' id='word_1_319' title='bbox 649 3632 734 3669; x_wconf 88' lang='lat' dir='ltr'><strong>rerum</strong></span> <span class='ocrx_word' id='word_1_320' title='bbox 753 3619 880 3670; x_wconf 82' lang='lat' dir='ltr'><strong>ranetas&#39;</strong></span> <span class='ocrx_word' id='word_1_321' title='bbox 896 3634 936 3670; x_wconf 83' lang='lat' dir='ltr'><strong>rr.</strong></span> <span class='ocrx_word' id='word_1_322' title='bbox 955 3620 1023 3683; x_wconf 83' lang='lat' dir='ltr'><strong>Epil.</strong></span> <span class='ocrx_word' id='word_1_323' title='bbox 1034 3624 1059 3671; x_wconf 62' lang='grc' dir='ltr'><strong>ι.</strong></span> <span class='ocrx_word' id='word_1_324' title='bbox 1076 3624 1167 3669; x_wconf 75' lang='lat' dir='ltr'><strong>notura</strong></span> <span class='ocrx_word' id='word_1_325' title='bbox 1179 3632 1281 3682; x_wconf 90' lang='lat' dir='ltr'><strong>quoque</strong></span> <span class='ocrx_word' id='word_1_326' title='bbox 1296 3619 1393 3669; x_wconf 79' lang='lat' dir='ltr'><strong>Salma-</strong></span> 
     </span>
     <span class='ocr_line' id='line_1_37' title="bbox 290 3679 1394 3748; baseline -0.002 -17"><span class='ocrx_word' id='word_1_327' title='bbox 290 3682 344 3731; x_wconf 88' lang='lat' dir='ltr'><strong>sius</strong></span> <span class='ocrx_word' id='word_1_328' title='bbox 354 3679 510 3745; x_wconf 82' lang='lat' dir='ltr'><strong>ascripserat</strong></span> <span class='ocrx_word' id='word_1_329' title='bbox 521 3681 656 3744; x_wconf 78' lang='lat' dir='ltr'><strong>marginis</strong></span> <span class='ocrx_word' id='word_1_330' title='bbox 672 3683 736 3733; x_wconf 83' lang='lat' dir='ltr'><strong>cod.</strong></span> <span class='ocrx_word' id='word_1_331' title='bbox 746 3683 798 3734; x_wconf 86' lang='lat' dir='ltr'><strong>Ms.</strong></span> <span class='ocrx_word' id='word_1_332' title='bbox 832 3682 886 3735; x_wconf 84' lang='lat' dir='ltr'><strong>Sed</strong></span> <span class='ocrx_word' id='word_1_333' title='bbox 903 3684 1010 3733; x_wconf 73' lang='lat' dir='ltr'><strong>muteris</strong></span> <span class='ocrx_word' id='word_1_334' title='bbox 1021 3682 1132 3748; x_wconf 73' lang='lat' dir='ltr'><strong>prefert</strong></span> <span class='ocrx_word' id='word_1_335' title='bbox 1148 3684 1316 3743; x_wconf 83' lang='lat' dir='ltr'><strong>Burmannus,</strong></span> <span class='ocrx_word' id='word_1_336' title='bbox 1332 3682 1394 3745; x_wconf 83' lang='lat' dir='ltr'><strong>quis</strong></span> 
     </span>
     <span class='ocr_line' id='line_1_38' title="bbox 292 3744 1394 3808; baseline -0.002 -13"><span class='ocrx_word' id='word_1_337' title='bbox 292 3750 386 3795; x_wconf 83' lang='lat' dir='ltr'><strong>auctor</strong></span> <span class='ocrx_word' id='word_1_338' title='bbox 395 3758 427 3793; x_wconf 87' lang='lat' dir='ltr'><strong>es</strong></span> <span class='ocrx_word' id='word_1_339' title='bbox 447 3758 512 3795; x_wconf 85' lang='lat' dir='ltr'><strong>roee</strong></span> <span class='ocrx_word' id='word_1_340' title='bbox 523 3759 593 3808; x_wconf 76' lang='lat' dir='ltr'><strong>serpe</strong></span> <span class='ocrx_word' id='word_1_341' title='bbox 603 3744 642 3794; x_wconf 86' lang='lat' dir='ltr'><strong>its</strong></span> <span class='ocrx_word' id='word_1_342' title='bbox 652 3745 743 3795; x_wconf 85' lang='lat' dir='ltr'><strong>utitur.</strong></span> <span class='ocrx_word' id='word_1_343' title='bbox 776 3746 882 3797; x_wconf 90' lang='lat' dir='ltr'><strong>Deinde</strong></span> <span class='ocrx_word' id='word_1_344' title='bbox 892 3752 986 3797; x_wconf 79' lang='lat' dir='ltr'><strong>natura</strong></span> <span class='ocrx_word' id='word_1_345' title='bbox 997 3752 1071 3797; x_wconf 87' lang='lat' dir='ltr'><strong>reete</strong></span> <span class='ocrx_word' id='word_1_346' title='bbox 1087 3744 1199 3795; x_wconf 76' lang='lat' dir='ltr'><strong>‘artifex</strong></span> <span class='ocrx_word' id='word_1_347' title='bbox 1210 3744 1331 3793; x_wconf 79' lang='lat' dir='ltr'><strong>toecunds</strong></span> <span class='ocrx_word' id='word_1_348' title='bbox 1341 3758 1394 3793; x_wconf 90' lang='lat' dir='ltr'><strong>om·</strong></span> 
     </span>
     <span class='ocr_line' id='line_1_39' title="bbox 290 3807 1392 3871; baseline -0.001 -13"><span class='ocrx_word' id='word_1_349' title='bbox 290 3809 330 3858; x_wconf 86' lang='lat' dir='ltr'><strong>nis</strong></span> <span class='ocrx_word' id='word_1_350' title='bbox 339 3808 416 3858; x_wconf 77' lang='lat' dir='ltr'><strong>bonae</strong></span> <span class='ocrx_word' id='word_1_351' title='bbox 426 3808 535 3858; x_wconf 75' lang='lat' dir='ltr'><strong>metere</strong></span> <span class='ocrx_word' id='word_1_352' title='bbox 545 3807 675 3858; x_wconf 82' lang='lat' dir='ltr'><strong>materire&#39;</strong></span> <span class='ocrx_word' id='word_1_353' title='bbox 692 3808 788 3858; x_wconf 86' lang='lat' dir='ltr'><strong>dieitur</strong></span> <span class='ocrx_word' id='word_1_354' title='bbox 797 3811 857 3859; x_wconf 83' lang='lat' dir='ltr'><strong>vai.</strong></span> <span class='ocrx_word' id='word_1_355' title='bbox 867 3811 940 3859; x_wconf 83' lang='lat' dir='ltr'><strong>Max.</strong></span> <span class='ocrx_word' id='word_1_356' title='bbox 948 3824 968 3860; x_wconf 85' lang='lat'><strong>1.</strong></span> <span class='ocrx_word' id='word_1_357' title='bbox 981 3814 1006 3860; x_wconf 83' lang='grc'><strong>8.</strong></span> <span class='ocrx_word' id='word_1_358' title='bbox 1016 3815 1071 3860; x_wconf 83' lang='lat' dir='ltr'><strong>ext.</strong></span> <span class='ocrx_word' id='word_1_359' title='bbox 1082 3812 1123 3859; x_wconf 80' lang='lat'><strong>18.</strong></span> <span class='ocrx_word' id='word_1_360' title='bbox 1134 3823 1185 3859; x_wconf 88' lang='lat' dir='ltr'><strong>non</strong></span> <span class='ocrx_word' id='word_1_361' title='bbox 1196 3808 1254 3871; x_wconf 85' lang='lat' dir='ltr'><strong>ipsa</strong></span> <span class='ocrx_word' id='word_1_362' title='bbox 1264 3808 1392 3857; x_wconf 79' lang='lat' dir='ltr'><strong>materies.</strong></span> 
     </span>
     <span class='ocr_line' id='line_1_40' title="bbox 290 3870 1392 3937; baseline -0.003 -15"><span class='ocrx_word' id='word_1_363' title='bbox 290 3872 399 3922; x_wconf 70' lang='lat' dir='ltr'><strong>merim</strong></span> <span class='ocrx_word' id='word_1_364' title='bbox 414 3885 476 3920; x_wconf 81' lang='lat' dir='ltr'><strong>vero</strong></span> <span class='ocrx_word' id='word_1_365' title='bbox 486 3872 529 3922; x_wconf 82' lang='lat' dir='ltr'><strong>trie</strong></span> <span class='ocrx_word' id='word_1_366' title='bbox 539 3872 648 3935; x_wconf 71' lang='lat' dir='ltr'><strong>exigunt</strong></span> <span class='ocrx_word' id='word_1_367' title='bbox 662 3872 801 3937; x_wconf 86' lang='lat' dir='ltr'><strong>sequentis</strong></span> <span class='ocrx_word' id='word_1_368' title='bbox 815 3872 1014 3933; x_wconf 72' lang='lat' dir='ltr'><strong>latorissterut</strong></span> <span class='ocrx_word' id='word_1_369' title='bbox 1027 3873 1100 3934; x_wconf 86' lang='lat' dir='ltr'><strong>desit,</strong></span> <span class='ocrx_word' id='word_1_370' title='bbox 1111 3872 1156 3937; x_wconf 87' lang='lat' dir='ltr'><strong>qui</strong></span> <span class='ocrx_word' id='word_1_371' title='bbox 1173 3870 1323 3921; x_wconf 69' lang='lat' dir='ltr'><strong>merissime</strong></span> <span class='ocrx_word' id='word_1_372' title='bbox 1332 3871 1392 3920; x_wconf 91' lang='lat' dir='ltr'><strong>inde</strong></span> 
     </span>
     <span class='ocr_line' id='line_1_41' title="bbox 291 3934 1393 3999; baseline -0.001 -15"><span class='ocrx_word' id='word_1_373' title='bbox 291 3934 393 3985; x_wconf 85' lang='lat' dir='ltr'><strong>dictus:</strong></span> <span class='ocrx_word' id='word_1_374' title='bbox 410 3934 690 3985; x_wconf 78' lang='lat' dir='ltr'><strong>Beineactass.1uso.</strong></span> <span class='ocrx_word' id='word_1_375' title='bbox 709 3948 731 3985; x_wconf 88' lang='grc' dir='ltr'><strong>ι.</strong></span> <span class='ocrx_word' id='word_1_376' title='bbox 740 3937 767 3985; x_wconf 70' lang='lat' dir='ltr'><strong>B.</strong></span> <span class='ocrx_word' id='word_1_377' title='bbox 777 3940 807 3983; x_wconf 91' lang='lat' dir='ltr'><strong>et</strong></span> <span class='ocrx_word' id='word_1_378' title='bbox 823 3936 947 3985; x_wconf 72' lang='lat' dir='ltr'><strong>metam</strong></span> <span class='ocrx_word' id='word_1_379' title='bbox 967 3936 1071 3999; x_wconf 89' lang='lat' dir='ltr'><strong>proprie</strong></span> <span class='ocrx_word' id='word_1_380' title='bbox 1091 3934 1125 3985; x_wconf 89' lang='lat' dir='ltr'><strong>de</strong></span> <span class='ocrx_word' id='word_1_381' title='bbox 1145 3934 1188 3985; x_wconf 82' lang='lat' dir='ltr'><strong>iiie</strong></span> <span class='ocrx_word' id='word_1_382' title='bbox 1205 3934 1286 3997; x_wconf 75' lang='lat' dir='ltr'><strong>ligno,</strong></span> <span class='ocrx_word' id='word_1_383' title='bbox 1305 3935 1393 3997; x_wconf 88' lang='lat' dir='ltr'><strong>inquo</strong></span> 
     </span>
     <span class='ocr_line' id='line_1_42' title="bbox 291 3996 1393 4064; baseline 0 -18"><span class='ocrx_word' id='word_1_384' title='bbox 291 3996 360 4048; x_wconf 80' lang='lat' dir='ltr'><strong>fabri</strong></span> <span class='ocrx_word' id='word_1_385' title='bbox 370 3997 498 4061; x_wconf 77' lang='lat' dir='ltr'><strong>laborant,</strong></span> <span class='ocrx_word' id='word_1_386' title='bbox 514 3997 576 4061; x_wconf 86' lang='lat' dir='ltr'><strong>diei,</strong></span> <span class='ocrx_word' id='word_1_387' title='bbox 591 4004 680 4047; x_wconf 90' lang='lat' dir='ltr'><strong>notum</strong></span> <span class='ocrx_word' id='word_1_388' title='bbox 698 4004 749 4048; x_wconf 88' lang='lat' dir='ltr'><strong>est.</strong></span> <span class='ocrx_word' id='word_1_389' title='bbox 781 3996 824 4047; x_wconf 83' lang='lat' dir='ltr'><strong>ct&#39;.</strong></span> <span class='ocrx_word' id='word_1_390' title='bbox 843 3999 984 4050; x_wconf 83' lang='lat' dir='ltr'><strong>Burmann.</strong></span> <span class='ocrx_word' id='word_1_391' title='bbox 996 4000 1041 4064; x_wconf 88' lang='lat' dir='ltr'><strong>qui</strong></span> <span class='ocrx_word' id='word_1_392' title='bbox 1050 3998 1140 4049; x_wconf 82' lang='lat' dir='ltr'><strong>iaudat</strong></span> <span class='ocrx_word' id='word_1_393' title='bbox 1148 3997 1254 4048; x_wconf 73' lang='lat' dir='ltr'><strong>Temni.</strong></span> <span class='ocrx_word' id='word_1_394' title='bbox 1266 3996 1300 4045; x_wconf 88' lang='lat' dir='ltr'><strong>ad</strong></span> <span class='ocrx_word' id='word_1_395' title='bbox 1312 3998 1393 4046; x_wconf 64' lang='lat' dir='ltr'><strong>Ron-</strong></span> 
     </span>
     <span class='ocr_line' id='line_1_43' title="bbox 291 4058 1392 4124; baseline -0.005 -13"><span class='ocrx_word' id='word_1_396' title='bbox 291 4061 340 4111; x_wconf 88' lang='lat' dir='ltr'><strong>tin.</strong></span> <span class='ocrx_word' id='word_1_397' title='bbox 351 4074 371 4110; x_wconf 92' lang='grc' dir='ltr'><strong>ι.</strong></span> <span class='ocrx_word' id='word_1_398' title='bbox 387 4066 413 4111; x_wconf 76' lang='lat' dir='ltr'><strong>t.</strong></span> <span class='ocrx_word' id='word_1_399' title='bbox 425 4065 448 4110; x_wconf 86' lang='lat'><strong>1.</strong></span> <span class='ocrx_word' id='word_1_400' title='bbox 464 4066 555 4111; x_wconf 72' lang='lat' dir='ltr'><strong>mssa</strong></span> <span class='ocrx_word' id='word_1_401' title='bbox 573 4068 670 4124; x_wconf 71' lang='lat' dir='ltr'><strong>prater</strong></span> <span class='ocrx_word' id='word_1_402' title='bbox 688 4060 752 4110; x_wconf 82' lang='lat' dir='ltr'><strong>alios</strong></span> <span class='ocrx_word' id='word_1_403' title='bbox 769 4059 877 4109; x_wconf 87' lang='lat' dir='ltr'><strong>edidere</strong></span> <span class='ocrx_word' id='word_1_404' title='bbox 899 4060 1014 4111; x_wconf 83' lang='lat' dir='ltr'><strong>Gronov.</strong></span> <span class='ocrx_word' id='word_1_405' title='bbox 1034 4063 1109 4112; x_wconf 84' lang='lat' dir='ltr'><strong>Brut.</strong></span> <span class='ocrx_word' id='word_1_406' title='bbox 1141 4058 1194 4113; x_wconf 83' lang='lat' dir='ltr'><strong>Sed</strong></span> <span class='ocrx_word' id='word_1_407' title='bbox 1211 4058 1308 4109; x_wconf 79' lang='lat' dir='ltr'><strong>trustra</strong></span> <span class='ocrx_word' id='word_1_408' title='bbox 1323 4059 1392 4107; x_wconf 86' lang='lat' dir='ltr'><strong>Bur·</strong></span> 
     </span>
     <span class='ocr_line' id='line_1_44' title="bbox 291 4122 1392 4190; baseline -0.002 -18"><span class='ocrx_word' id='word_1_409' title='bbox 291 4137 400 4173; x_wconf 82' lang='lat' dir='ltr'><strong>manens</strong></span> <span class='ocrx_word' id='word_1_410' title='bbox 410 4123 443 4172; x_wconf 86' lang='lat' dir='ltr'><strong>ad</strong></span> <span class='ocrx_word' id='word_1_411' title='bbox 454 4123 480 4172; x_wconf 82' lang='lat' dir='ltr'><strong>h.</strong></span> <span class='ocrx_word' id='word_1_412' title='bbox 491 4125 511 4174; x_wconf 85' lang='lat'><strong>1.</strong></span> <span class='ocrx_word' id='word_1_413' title='bbox 523 4139 540 4173; x_wconf 86' lang='lat' dir='ltr'><strong>a</strong></span> <span class='ocrx_word' id='word_1_414' title='bbox 554 4124 686 4175; x_wconf 88' lang='lat' dir='ltr'><strong>Brotierio</strong></span> <span class='ocrx_word' id='word_1_415' title='bbox 706 4122 819 4174; x_wconf 86' lang='lat' dir='ltr'><strong>codices</strong></span> <span class='ocrx_word' id='word_1_416' title='bbox 835 4122 984 4187; x_wconf 79' lang='lat' dir='ltr'><strong>confingere</strong></span> <span class='ocrx_word' id='word_1_417' title='bbox 1000 4124 1160 4190; x_wconf 85' lang='lat' dir='ltr'><strong>dicitnr,qni</strong></span> <span class='ocrx_word' id='word_1_418' title='bbox 1176 4136 1267 4187; x_wconf 78' lang='lat' dir='ltr'><strong>magno</strong></span> <span class='ocrx_word' id='word_1_419' title='bbox 1284 4134 1392 4171; x_wconf 85' lang='lat' dir='ltr'><strong>numero</strong></span> 
     </span>
     <span class='ocr_line' id='line_1_45' title="bbox 290 4185 1391 4246; baseline 0.001 -11"><span class='ocrx_word' id='word_1_420' title='bbox 290 4185 403 4235; x_wconf 66' lang='lat' dir='ltr'><strong>intrant</strong></span> <span class='ocrx_word' id='word_1_421' title='bbox 417 4187 539 4246; x_wconf 71' lang='lat' dir='ltr'><strong>meio,-</strong></span> <span class='ocrx_word' id='word_1_422' title='bbox 554 4201 613 4237; x_wconf 85' lang='lat' dir='ltr'><strong>eum</strong></span> <span class='ocrx_word' id='word_1_423' title='bbox 633 4200 717 4238; x_wconf 86' lang='lat' dir='ltr'><strong>sermo</strong></span> <span class='ocrx_word' id='word_1_424' title='bbox 729 4187 802 4237; x_wconf 87' lang='lat' dir='ltr'><strong>sitin</strong></span> <span class='ocrx_word' id='word_1_425' title='bbox 812 4194 876 4235; x_wconf 83' lang='lat' dir='ltr'><strong>note</strong></span> <span class='ocrx_word' id='word_1_426' title='bbox 889 4186 1033 4237; x_wconf 84' lang='lat' dir='ltr'><strong>Burmanni</strong></span> <span class='ocrx_word' id='word_1_427' title='bbox 1043 4189 1078 4239; x_wconf 87' lang='lat' dir='ltr'><strong>de</strong></span> <span class='ocrx_word' id='word_1_428' title='bbox 1089 4189 1148 4239; x_wconf 86' lang='lat' dir='ltr'><strong>loeo</strong></span> <span class='ocrx_word' id='word_1_429' title='bbox 1159 4185 1313 4241; x_wconf 80' lang='lat' dir='ltr'><strong>Quintiliani</strong></span> <span class='ocrx_word' id='word_1_430' title='bbox 1324 4197 1356 4233; x_wconf 88' lang='grc' dir='ltr'><strong>ιι.</strong></span> <span class='ocrx_word' id='word_1_431' title='bbox 1364 4188 1391 4236; x_wconf 87' lang='grc'><strong>8.</strong></span> 
     </span>
     <span class='ocr_line' id='line_1_46' title="bbox 294 4247 1391 4317; baseline -0.004 -15"><span class='ocrx_word' id='word_1_432' title='bbox 294 4248 371 4302; x_wconf 78' lang='lat' dir='ltr'><strong>‘omn</strong></span> <span class='ocrx_word' id='word_1_433' title='bbox 384 4249 495 4299; x_wconf 80' lang='lat' dir='ltr'><strong>alterum</strong></span> <span class='ocrx_word' id='word_1_434' title='bbox 513 4250 619 4302; x_wconf 80' lang='lat' dir='ltr'><strong>alterius</strong></span> <span class='ocrx_word' id='word_1_435' title='bbox 637 4257 730 4303; x_wconf 76' lang='lat' dir='ltr'><strong>ustura</strong></span> <span class='ocrx_word' id='word_1_436' title='bbox 745 4250 905 4305; x_wconf 82' lang='lat' dir='ltr'><strong>miscendum</strong></span> <span class='ocrx_word' id='word_1_437' title='bbox 924 4250 1116 4317; x_wconf 80' lang='lat' dir='ltr'><strong>arbitraretur,&#39;</strong></span> <span class='ocrx_word' id='word_1_438' title='bbox 1136 4249 1267 4305; x_wconf 77' lang='lat' dir='ltr'><strong>antelios</strong></span> <span class='ocrx_word' id='word_1_439' title='bbox 1286 4247 1391 4300; x_wconf 81' lang='lat' dir='ltr'><strong>codices</strong></span> 
     </span>
    </p>
   </div>
   <div class='ocr_carea' id='block_1_9' title="bbox 0 0 1604 4967">
    <p class='ocr_par' dir='ltr' id='par_1_9' title="bbox 0 0 1604 4967">
     <span class='ocr_line' id='line_1_47' title="bbox 0 0 1604 4967; baseline 0 0"><span class='ocrx_word' id='word_1_440' title='bbox 0 0 1604 4967; x_wconf 95' lang='lat' dir='ltr'><strong> </strong></span> 
     </span>
    </p>
   </div>
  </div>
 </body>
</html>
