<?xml version="1.0" encoding="UTF-8"?>
<!DOCTYPE html PUBLIC "-//W3C//DTD XHTML 1.0 Transitional//EN"
    "http://www.w3.org/TR/xhtml1/DTD/xhtml1-transitional.dtd">
<html xmlns="http://www.w3.org/1999/xhtml" xml:lang="en" lang="en">
 <head>
  <title>
</title>
<meta http-equiv="Content-Type" content="text/html;charset=utf-8" />
  <meta name='ocr-system' content='tesseract 3.04.00' />
  <meta name='ocr-capabilities' content='ocr_page ocr_carea ocr_par ocr_line ocrx_word'/>
</head>
<body>
  <div class='ocr_page' id='page_1' title='image "./phaedriaugustil00schwgoog_0030.png"; bbox 0 0 3192 4967; ppageno 0'>
   <div class='ocr_carea' id='block_1_1' title="bbox 300 362 892 433">
    <p class='ocr_par' dir='ltr' id='par_1_1' title="bbox 300 362 892 433">
     <span class='ocr_line' id='line_1_1' title="bbox 300 362 892 433; baseline -0.003 -6"><span class='ocrx_word' id='word_1_1' title='bbox 300 362 344 433; x_wconf 86' lang='grc'><strong>16</strong></span> <span class='ocrx_word' id='word_1_2' title='bbox 800 375 892 426; x_wconf 73' lang='lat' dir='ltr'><strong>vrrs</strong></span> 
     </span>
    </p>
   </div>
   <div class='ocr_carea' id='block_1_2' title="bbox 294 516 1394 2733">
    <p class='ocr_par' dir='ltr' id='par_1_2' title="bbox 299 516 1394 906">
     <span class='ocr_line' id='line_1_2' title="bbox 300 516 1394 609; baseline -0.001 -20"><span class='ocrx_word' id='word_1_3' title='bbox 300 524 368 589; x_wconf 87' lang='lat' dir='ltr'><strong>Sed</strong></span> <span class='ocrx_word' id='word_1_4' title='bbox 383 520 560 587; x_wconf 84' lang='lat' dir='ltr'><strong>Octavium</strong></span> <span class='ocrx_word' id='word_1_5' title='bbox 582 516 768 602; x_wconf 77' lang='lat' dir='ltr'><strong>Angustum</strong></span> <span class='ocrx_word' id='word_1_6' title='bbox 788 516 1035 603; x_wconf 76' lang='lat' dir='ltr'><strong>intelbgendum</strong></span> <span class='ocrx_word' id='word_1_7' title='bbox 1049 535 1135 598; x_wconf 81' lang='lat' dir='ltr'><strong>esso,</strong></span> <span class='ocrx_word' id='word_1_8' title='bbox 1148 518 1241 585; x_wconf 86' lang='lat' dir='ltr'><strong>tostis</strong></span> <span class='ocrx_word' id='word_1_9' title='bbox 1255 524 1307 587; x_wconf 83' lang='lat' dir='ltr'><strong>ost</strong></span> <span class='ocrx_word' id='word_1_10' title='bbox 1318 522 1394 609; x_wconf 85' lang='lat' dir='ltr'><strong>ipse</strong></span> 
     </span>
     <span class='ocr_line' id='line_1_3' title="bbox 299 616 1392 707; baseline 0 -17"><span class='ocrx_word' id='word_1_11' title='bbox 299 624 475 701; x_wconf 69' lang='lat' dir='ltr'><strong>Phaedrus</strong></span> <span class='ocrx_word' id='word_1_12' title='bbox 494 640 680 689; x_wconf 86' lang='lat' dir='ltr'><strong>memorans</strong></span> <span class='ocrx_word' id='word_1_13' title='bbox 704 620 808 697; x_wconf 91' lang='lat' dir='ltr'><strong>litem,</strong></span> <span class='ocrx_word' id='word_1_14' title='bbox 823 639 846 683; x_wconf 84' lang='lat' dir='ltr'><strong>a</strong></span> <span class='ocrx_word' id='word_1_15' title='bbox 870 619 961 684; x_wconf 88' lang='lat' dir='ltr'><strong>Divo</strong></span> <span class='ocrx_word' id='word_1_16' title='bbox 982 616 1141 701; x_wconf 79' lang='lat' dir='ltr'><strong>Augusto</strong></span> <span class='ocrx_word' id='word_1_17' title='bbox 1162 620 1392 707; x_wconf 79' lang='lat' dir='ltr'><strong>dijudicatam,</strong></span> 
     </span>
     <span class='ocr_line' id='line_1_4' title="bbox 299 725 445 791; baseline -0.027 0"><span class='ocrx_word' id='word_1_18' title='bbox 299 725 445 791; x_wconf 83' lang='lat' dir='ltr'><strong>addens:</strong></span> 
     </span>
     <span class='ocr_line' id='line_1_5' title="bbox 439 821 1206 906; baseline -0.004 -17"><span class='ocrx_word' id='word_1_19' title='bbox 439 824 606 901; x_wconf 82' lang='lat' dir='ltr'><strong>Narrabo,</strong></span> <span class='ocrx_word' id='word_1_20' title='bbox 622 823 781 887; x_wconf 86' lang='lat' dir='ltr'><strong>memoria</strong></span> <span class='ocrx_word' id='word_1_21' title='bbox 796 823 887 906; x_wconf 88' lang='lat' dir='ltr'><strong>quod</strong></span> <span class='ocrx_word' id='word_1_22' title='bbox 901 821 1027 887; x_wconf 83' lang='lat' dir='ltr'><strong>factum</strong></span> <span class='ocrx_word' id='word_1_23' title='bbox 1043 827 1097 885; x_wconf 88' lang='lat' dir='ltr'><strong>est</strong></span> <span class='ocrx_word' id='word_1_24' title='bbox 1109 831 1206 895; x_wconf 79' lang='lat' dir='ltr'><strong>mea·</strong></span> 
     </span>
    </p>

    <p class='ocr_par' dir='ltr' id='par_1_3' title="bbox 294 924 1393 2123">
     <span class='ocr_line' id='line_1_6' title="bbox 299 924 1393 1010; baseline -0.001 -17"><span class='ocrx_word' id='word_1_25' title='bbox 299 926 378 993; x_wconf 91' lang='lat' dir='ltr'><strong>Non</strong></span> <span class='ocrx_word' id='word_1_26' title='bbox 391 928 493 1010; x_wconf 91' lang='lat' dir='ltr'><strong>pauci</strong></span> <span class='ocrx_word' id='word_1_27' title='bbox 513 934 624 990; x_wconf 85' lang='lat' dir='ltr'><strong>tamen</strong></span> <span class='ocrx_word' id='word_1_28' title='bbox 647 931 736 1001; x_wconf 90' lang='lat' dir='ltr'><strong>sunt,</strong></span> <span class='ocrx_word' id='word_1_29' title='bbox 763 928 821 1007; x_wconf 90' lang='lat' dir='ltr'><strong>qui</strong></span> <span class='ocrx_word' id='word_1_30' title='bbox 850 924 1023 989; x_wconf 68' lang='lat' dir='ltr'><strong>Phaedrum</strong></span> <span class='ocrx_word' id='word_1_31' title='bbox 1048 924 1235 989; x_wconf 85' lang='lat' dir='ltr'><strong>libertatem</strong></span> <span class='ocrx_word' id='word_1_32' title='bbox 1257 924 1393 992; x_wconf 85' lang='lat' dir='ltr'><strong>Tiberio</strong></span> 
     </span>
     <span class='ocr_line' id='line_1_7' title="bbox 298 1025 1391 1113; baseline -0.002 -18"><span class='ocrx_word' id='word_1_33' title='bbox 298 1029 453 1113; x_wconf 84' lang='lat' dir='ltr'><strong>Augusto</strong></span> <span class='ocrx_word' id='word_1_34' title='bbox 467 1029 584 1092; x_wconf 88' lang='lat' dir='ltr'><strong>debere</strong></span> <span class='ocrx_word' id='word_1_35' title='bbox 598 1027 828 1105; x_wconf 80' lang='lat' dir='ltr'><strong>existiment3·</strong></span> <span class='ocrx_word' id='word_1_36' title='bbox 848 1026 1000 1109; x_wconf 79' lang='lat' dir='ltr'><strong>aquibus</strong></span> <span class='ocrx_word' id='word_1_37' title='bbox 1021 1032 1107 1090; x_wconf 86' lang='lat' dir='ltr'><strong>recte</strong></span> <span class='ocrx_word' id='word_1_38' title='bbox 1130 1025 1285 1091; x_wconf 84' lang='lat' dir='ltr'><strong>dissentit</strong></span> <span class='ocrx_word' id='word_1_39' title='bbox 1304 1027 1391 1093; x_wconf 92' lang='lat' dir='ltr'><strong>Des·</strong></span> 
     </span>
     <span class='ocr_line' id='line_1_8' title="bbox 297 1125 1389 1211; baseline 0.001 -18"><span class='ocrx_word' id='word_1_40' title='bbox 297 1127 546 1211; x_wconf 76' lang='lat' dir='ltr'><strong>billonius,²’qui</strong></span> <span class='ocrx_word' id='word_1_41' title='bbox 562 1132 680 1211; x_wconf 84' lang='lat' dir='ltr'><strong>praeter</strong></span> <span class='ocrx_word' id='word_1_42' title='bbox 696 1134 897 1208; x_wconf 87' lang='lat' dir='ltr'><strong>argumenta,</strong></span> <span class='ocrx_word' id='word_1_43' title='bbox 911 1134 945 1191; x_wconf 87' lang='lat' dir='ltr'><strong>et</strong></span> <span class='ocrx_word' id='word_1_44' title='bbox 958 1147 980 1191; x_wconf 88' lang='lat' dir='ltr'><strong>a</strong></span> <span class='ocrx_word' id='word_1_45' title='bbox 991 1147 1043 1200; x_wconf 88' lang='lat' dir='ltr'><strong>me</strong></span> <span class='ocrx_word' id='word_1_46' title='bbox 1059 1129 1162 1210; x_wconf 86' lang='lat' dir='ltr'><strong>paulo</strong></span> <span class='ocrx_word' id='word_1_47' title='bbox 1176 1134 1251 1191; x_wconf 84' lang='lat' dir='ltr'><strong>anto</strong></span> <span class='ocrx_word' id='word_1_48' title='bbox 1262 1125 1389 1209; x_wconf 82' lang='lat' dir='ltr'><strong>notatu,</strong></span> 
     </span>
     <span class='ocr_line' id='line_1_9' title="bbox 297 1226 1391 1311; baseline 0 -16"><span class='ocrx_word' id='word_1_49' title='bbox 297 1230 363 1295; x_wconf 90' lang='lat' dir='ltr'><strong>hoo</strong></span> <span class='ocrx_word' id='word_1_50' title='bbox 378 1232 410 1294; x_wconf 89' lang='lat' dir='ltr'><strong>in</strong></span> <span class='ocrx_word' id='word_1_51' title='bbox 422 1229 562 1293; x_wconf 90' lang='lat' dir='ltr'><strong>medium</strong></span> <span class='ocrx_word' id='word_1_52' title='bbox 575 1226 728 1311; x_wconf 87' lang='lat' dir='ltr'><strong>protulit:</strong></span> <span class='ocrx_word' id='word_1_53' title='bbox 744 1231 755 1301; x_wconf 61' lang='grc' dir='ltr'>ἵ</span> <span class='ocrx_word' id='word_1_54' title='bbox 767 1226 872 1305; x_wconf 68' lang='lat' dir='ltr'><strong>Mihi:</strong></span> <span class='ocrx_word' id='word_1_55' title='bbox 884 1230 1002 1310; x_wconf 86' lang='lat' dir='ltr'><strong>inquit,</strong></span> <span class='ocrx_word' id='word_1_56' title='bbox 1013 1232 1024 1261; x_wconf 90' lang='lat'>‘</span> <span class='ocrx_word' id='word_1_57' title='bbox 1034 1227 1227 1310; x_wconf 90' lang='lat' dir='ltr'><strong>conjectura</strong></span> <span class='ocrx_word' id='word_1_58' title='bbox 1235 1228 1275 1292; x_wconf 94' lang='lat' dir='ltr'><strong>de</strong></span> <span class='ocrx_word' id='word_1_59' title='bbox 1289 1228 1391 1295; x_wconf 86' lang='lat' dir='ltr'><strong>Octa·</strong></span> 
     </span>
     <span class='ocr_line' id='line_1_10' title="bbox 297 1329 1390 1413; baseline -0.005 -16"><span class='ocrx_word' id='word_1_60' title='bbox 297 1332 356 1397; x_wconf 89' lang='lat' dir='ltr'><strong>vio</strong></span> <span class='ocrx_word' id='word_1_61' title='bbox 369 1332 466 1413; x_wconf 84' lang='lat' dir='ltr'><strong>longe</strong></span> <span class='ocrx_word' id='word_1_62' title='bbox 481 1330 682 1413; x_wconf 79' lang='lat' dir='ltr'><strong>probabilior</strong></span> <span class='ocrx_word' id='word_1_63' title='bbox 696 1329 835 1394; x_wconf 87' lang='lat' dir='ltr'><strong>videtur.</strong></span> <span class='ocrx_word' id='word_1_64' title='bbox 865 1329 994 1393; x_wconf 83' lang='lat' dir='ltr'><strong>Etenim</strong></span> <span class='ocrx_word' id='word_1_65' title='bbox 1007 1331 1194 1394; x_wconf 80' lang='lat' dir='ltr'><strong>manumitti</strong></span> <span class='ocrx_word' id='word_1_66' title='bbox 1209 1330 1390 1401; x_wconf 84' lang='lat' dir='ltr'><strong>Phaedrum</strong></span> 
     </span>
     <span class='ocr_line' id='line_1_11' title="bbox 297 1432 1391 1519; baseline -0.004 -16"><span class='ocrx_word' id='word_1_67' title='bbox 297 1434 447 1519; x_wconf 87' lang='lat' dir='ltr'><strong>oportuit</strong></span> <span class='ocrx_word' id='word_1_68' title='bbox 471 1435 514 1496; x_wconf 91' lang='lat' dir='ltr'><strong>ob</strong></span> <span class='ocrx_word' id='word_1_69' title='bbox 537 1432 733 1514; x_wconf 83' lang='lat' dir='ltr'><strong>eleganu&#39;am</strong></span> <span class='ocrx_word' id='word_1_70' title='bbox 756 1433 890 1514; x_wconf 83' lang='lat' dir='ltr'><strong>ingenii,</strong></span> <span class='ocrx_word' id='word_1_71' title='bbox 914 1434 1146 1515; x_wconf 81' lang='lat' dir='ltr'><strong>sermonisque</strong></span> <span class='ocrx_word' id='word_1_72' title='bbox 1172 1433 1284 1497; x_wconf 87' lang='lat' dir='ltr'><strong>Latini</strong></span> <span class='ocrx_word' id='word_1_73' title='bbox 1305 1436 1391 1518; x_wconf 89' lang='lat' dir='ltr'><strong>peri·</strong></span> 
     </span>
     <span class='ocr_line' id='line_1_12' title="bbox 296 1532 1390 1620; baseline -0.003 -17"><span class='ocrx_word' id='word_1_74' title='bbox 296 1536 396 1603; x_wconf 89' lang='lat' dir='ltr'><strong>tiam:</strong></span> <span class='ocrx_word' id='word_1_75' title='bbox 412 1555 495 1618; x_wconf 88' lang='lat' dir='ltr'><strong>quas</strong></span> <span class='ocrx_word' id='word_1_76' title='bbox 512 1540 598 1599; x_wconf 88' lang='lat' dir='ltr'><strong>artes</strong></span> <span class='ocrx_word' id='word_1_77' title='bbox 610 1540 645 1597; x_wconf 91' lang='lat' dir='ltr'><strong>et</strong></span> <span class='ocrx_word' id='word_1_78' title='bbox 658 1532 825 1616; x_wconf 80' lang='lat' dir='ltr'><strong>profuisse</strong></span> <span class='ocrx_word' id='word_1_79' title='bbox 839 1535 962 1609; x_wconf 86' lang='lat' dir='ltr'><strong>nemini</strong></span> <span class='ocrx_word' id='word_1_80' title='bbox 977 1535 1066 1620; x_wconf 82' lang='lat' dir='ltr'><strong>apud</strong></span> <span class='ocrx_word' id='word_1_81' title='bbox 1083 1534 1265 1610; x_wconf 85' lang='lat' dir='ltr'><strong>Tiberium,</strong></span> <span class='ocrx_word' id='word_1_82' title='bbox 1274 1537 1390 1601; x_wconf 89' lang='lat' dir='ltr'><strong>horum</strong></span> 
     </span>
     <span class='ocr_line' id='line_1_13' title="bbox 295 1634 1389 1721; baseline -0.004 -16"><span class='ocrx_word' id='word_1_83' title='bbox 295 1643 479 1721; x_wconf 80' lang='lat' dir='ltr'><strong>temporum</strong></span> <span class='ocrx_word' id='word_1_84' title='bbox 493 1636 631 1699; x_wconf 84' lang='lat' dir='ltr'><strong>historia</strong></span> <span class='ocrx_word' id='word_1_85' title='bbox 651 1636 733 1697; x_wconf 87' lang='lat' dir='ltr'><strong>satis</strong></span> <span class='ocrx_word' id='word_1_86' title='bbox 752 1634 907 1711; x_wconf 85' lang='lat' dir='ltr'><strong>ostendit,</strong></span> <span class='ocrx_word' id='word_1_87' title='bbox 929 1641 963 1699; x_wconf 86' lang='lat' dir='ltr'><strong>et</strong></span> <span class='ocrx_word' id='word_1_88' title='bbox 988 1635 1101 1717; x_wconf 89' lang='lat' dir='ltr'><strong>aliquo</strong></span> <span class='ocrx_word' id='word_1_89' title='bbox 1127 1637 1186 1699; x_wconf 81' lang='lat' dir='ltr'><strong>vix</strong></span> <span class='ocrx_word' id='word_1_90' title='bbox 1208 1636 1244 1699; x_wconf 90' lang='lat' dir='ltr'><strong>in</strong></span> <span class='ocrx_word' id='word_1_91' title='bbox 1266 1635 1389 1701; x_wconf 83' lang='lat' dir='ltr'><strong>honore</strong></span> 
     </span>
     <span class='ocr_line' id='line_1_14' title="bbox 295 1736 1390 1819; baseline 0 -16"><span class='ocrx_word' id='word_1_92' title='bbox 295 1738 398 1803; x_wconf 84' lang='lat' dir='ltr'><strong>fuisse</strong></span> <span class='ocrx_word' id='word_1_93' title='bbox 411 1738 470 1801; x_wconf 89' lang='lat' dir='ltr'><strong>ilio</strong></span> <span class='ocrx_word' id='word_1_94' title='bbox 480 1742 644 1817; x_wconf 87' lang='lat' dir='ltr'><strong>regnante,</strong></span> <span class='ocrx_word' id='word_1_95' title='bbox 659 1737 822 1812; x_wconf 85' lang='lat' dir='ltr'><strong>versibus,</strong></span> <span class='ocrx_word' id='word_1_96' title='bbox 838 1736 960 1818; x_wconf 88' lang='lat' dir='ltr'><strong>Sejano</strong></span> <span class='ocrx_word' id='word_1_97' title='bbox 975 1737 1084 1802; x_wconf 89' lang='lat' dir='ltr'><strong>adhuc</strong></span> <span class='ocrx_word' id='word_1_98' title='bbox 1107 1738 1286 1819; x_wconf 85' lang='lat' dir='ltr'><strong>superstite</strong></span> <span class='ocrx_word' id='word_1_99' title='bbox 1300 1756 1390 1803; x_wconf 89' lang='lat' dir='ltr'><strong>com·</strong></span> 
     </span>
     <span class='ocr_line' id='line_1_15' title="bbox 294 1836 1391 1923; baseline -0.001 -19"><span class='ocrx_word' id='word_1_100' title='bbox 294 1840 427 1923; x_wconf 86' lang='lat' dir='ltr'><strong>positis,</strong></span> <span class='ocrx_word' id='word_1_101' title='bbox 441 1838 513 1921; x_wconf 92' lang='lat' dir='ltr'><strong>ipse</strong></span> <span class='ocrx_word' id='word_1_102' title='bbox 528 1836 683 1901; x_wconf 54' lang='lat' dir='ltr'><strong>indicata</strong></span> <span class='ocrx_word' id='word_1_103' title='bbox 702 1838 763 1901; x_wconf 93' lang='lat' dir='ltr'><strong>ubi</strong></span> <span class='ocrx_word' id='word_1_104' title='bbox 776 1836 908 1915; x_wconf 79' lang='lat' dir='ltr'><strong>fatetur,</strong></span> <span class='ocrx_word' id='word_1_105' title='bbox 924 1840 1079 1921; x_wconf 86' lang='lat' dir='ltr'><strong>quamvis</strong></span> <span class='ocrx_word' id='word_1_106' title='bbox 1090 1840 1260 1920; x_wconf 83' lang='lat' dir='ltr'><strong>insigniter</strong></span> <span class='ocrx_word' id='word_1_107' title='bbox 1272 1840 1308 1903; x_wconf 91' lang='lat' dir='ltr'><strong>in</strong></span> <span class='ocrx_word' id='word_1_108' title='bbox 1320 1845 1391 1903; x_wconf 85' lang='lat' dir='ltr'><strong>arte</strong></span> 
     </span>
     <span class='ocr_line' id='line_1_16' title="bbox 296 1936 1391 2016; baseline 0 -11"><span class='ocrx_word' id='word_1_109' title='bbox 296 1960 358 2005; x_wconf 89' lang='lat' dir='ltr'><strong>sua</strong></span> <span class='ocrx_word' id='word_1_110' title='bbox 379 1958 417 2003; x_wconf 88' lang='lat' dir='ltr'><strong>so</strong></span> <span class='ocrx_word' id='word_1_111' title='bbox 445 1938 636 2016; x_wconf 80' lang='lat' dir='ltr'><strong>exercuerit,</strong></span> <span class='ocrx_word' id='word_1_112' title='bbox 665 1936 839 2003; x_wconf 82' lang='lat' dir='ltr'><strong>fastidiose</strong></span> <span class='ocrx_word' id='word_1_113' title='bbox 865 1945 977 2004; x_wconf 87' lang='lat' dir='ltr'><strong>tamen</strong></span> <span class='ocrx_word' id='word_1_114' title='bbox 1001 1941 1036 2004; x_wconf 91' lang='lat' dir='ltr'><strong>in</strong></span> <span class='ocrx_word' id='word_1_115' title='bbox 1066 1940 1239 2005; x_wconf 78' lang='lat' dir='ltr'><strong>Musarum</strong></span> <span class='ocrx_word' id='word_1_116' title='bbox 1264 1945 1391 2005; x_wconf 84' lang='lat' dir='ltr'><strong>coetum</strong></span> 
     </span>
     <span class='ocr_line' id='line_1_17' title="bbox 295 2038 421 2123; baseline 0 -18"><span class='ocrx_word' id='word_1_117' title='bbox 295 2038 421 2123; x_wconf 81' lang='lat' dir='ltr'><strong>rec1p1.&#39;</strong></span> 
     </span>
    </p>

    <p class='ocr_par' dir='ltr' id='par_1_4' title="bbox 294 2141 1392 2733">
     <span class='ocr_line' id='line_1_18' title="bbox 337 2141 1390 2227; baseline 0.001 -21"><span class='ocrx_word' id='word_1_118' title='bbox 337 2141 501 2207; x_wconf 70' lang='lat' dir='ltr'><strong>Phaedrus</strong></span> <span class='ocrx_word' id='word_1_119' title='bbox 528 2142 627 2223; x_wconf 84' lang='lat' dir='ltr'><strong>igitur</strong></span> <span class='ocrx_word' id='word_1_120' title='bbox 643 2148 792 2225; x_wconf 84' lang='lat' dir='ltr'><strong>tempore</strong></span> <span class='ocrx_word' id='word_1_121' title='bbox 808 2141 955 2226; x_wconf 74' lang='lat' dir='ltr'><strong>Caesaris</strong></span> <span class='ocrx_word' id='word_1_122' title='bbox 971 2142 1106 2208; x_wconf 85' lang='lat' dir='ltr'><strong>Octavii</strong></span> <span class='ocrx_word' id='word_1_123' title='bbox 1120 2143 1277 2226; x_wconf 82' lang='lat' dir='ltr'><strong>Augusti,</strong></span> <span class='ocrx_word' id='word_1_124' title='bbox 1291 2142 1390 2227; x_wconf 83' lang='lat' dir='ltr'><strong>eujus</strong></span> 
     </span>
     <span class='ocr_line' id='line_1_19' title="bbox 294 2244 1390 2335; baseline -0.001 -26"><span class='ocrx_word' id='word_1_125' title='bbox 294 2244 498 2335; x_wconf 67' lang='lat' dir='ltr'><strong>memoriast</strong></span> <span class='ocrx_word' id='word_1_126' title='bbox 511 2244 694 2308; x_wconf 87' lang='lat' dir='ltr'><strong>recordatio</strong></span> <span class='ocrx_word' id='word_1_127' title='bbox 717 2245 749 2308; x_wconf 92' lang='lat' dir='ltr'><strong>ei</strong></span> <span class='ocrx_word' id='word_1_128' title='bbox 771 2252 843 2309; x_wconf 88' lang='lat' dir='ltr'><strong>erat</strong></span> <span class='ocrx_word' id='word_1_129' title='bbox 850 2245 1106 2328; x_wconf 75' lang='lat' dir='ltr'><strong>iucundissima,</strong></span> <span class='ocrx_word' id='word_1_130' title='bbox 1121 2246 1213 2331; x_wconf 29' lang='lat' dir='ltr'><strong>vixit·</strong></span> <span class='ocrx_word' id='word_1_131' title='bbox 1226 2245 1390 2325; x_wconf 85' lang='lat' dir='ltr'><strong>rebusque</strong></span> 
     </span>
     <span class='ocr_line' id='line_1_20' title="bbox 295 2342 1392 2433; baseline -0.003 -26"><span class='ocrx_word' id='word_1_132' title='bbox 295 2343 450 2407; x_wconf 82' lang='lat' dir='ltr'><strong>secundis</strong></span> <span class='ocrx_word' id='word_1_133' title='bbox 463 2360 546 2415; x_wconf 86' lang='lat' dir='ltr'><strong>usus</strong></span> <span class='ocrx_word' id='word_1_134' title='bbox 560 2350 621 2405; x_wconf 90' lang='lat' dir='ltr'><strong>est.</strong></span> <span class='ocrx_word' id='word_1_135' title='bbox 651 2344 738 2404; x_wconf 87' lang='lat' dir='ltr'><strong>Post</strong></span> <span class='ocrx_word' id='word_1_136' title='bbox 752 2344 894 2425; x_wconf 82' lang='lat' dir='ltr'><strong>Augusti</strong></span> <span class='ocrx_word' id='word_1_137' title='bbox 910 2348 1050 2422; x_wconf 90' lang='lat' dir='ltr'><strong>obitum,</strong></span> <span class='ocrx_word' id='word_1_138' title='bbox 1066 2345 1202 2410; x_wconf 85' lang='lat' dir='ltr'><strong>Tiberio</strong></span> <span class='ocrx_word' id='word_1_139' title='bbox 1214 2342 1392 2433; x_wconf 81' lang='lat' dir='ltr'><strong>imperium</strong></span> 
     </span>
     <span class='ocr_line' id='line_1_21' title="bbox 295 2438 1389 2529; baseline 0.001 -23"><span class='ocrx_word' id='word_1_140' title='bbox 295 2440 554 2529; x_wconf 78' lang='lat' dir='ltr'><strong>administrante,</strong></span> <span class='ocrx_word' id='word_1_141' title='bbox 571 2438 606 2499; x_wconf 93' lang='lat' dir='ltr'><strong>in</strong></span> <span class='ocrx_word' id='word_1_142' title='bbox 629 2458 784 2517; x_wconf 84' lang='lat' dir='ltr'><strong>magnam</strong></span> <span class='ocrx_word' id='word_1_143' title='bbox 799 2442 919 2507; x_wconf 89' lang='lat' dir='ltr'><strong>incidit</strong></span> <span class='ocrx_word' id='word_1_144' title='bbox 938 2446 1175 2523; x_wconf 85' lang='lat' dir='ltr'><strong>calamitatem,</strong></span> <span class='ocrx_word' id='word_1_145' title='bbox 1189 2445 1268 2507; x_wconf 90' lang='lat' dir='ltr'><strong>odio</strong></span> <span class='ocrx_word' id='word_1_146' title='bbox 1281 2442 1389 2507; x_wconf 51' lang='lat' dir='ltr'><strong>maxia</strong></span> 
     </span>
     <span class='ocr_line' id='line_1_22' title="bbox 295 2530 1391 2622; baseline 0.003 -17"><span class='ocrx_word' id='word_1_147' title='bbox 295 2554 348 2605; x_wconf 87' lang='lat' dir='ltr'><strong>me</strong></span> <span class='ocrx_word' id='word_1_148' title='bbox 362 2539 491 2622; x_wconf 88' lang='lat' dir='ltr'><strong>Sejani,</strong></span> <span class='ocrx_word' id='word_1_149' title='bbox 508 2538 566 2621; x_wconf 93' lang='lat' dir='ltr'><strong>qui</strong></span> <span class='ocrx_word' id='word_1_150' title='bbox 589 2556 650 2619; x_wconf 94' lang='lat' dir='ltr'><strong>pro</strong></span> <span class='ocrx_word' id='word_1_151' title='bbox 666 2537 800 2601; x_wconf 87' lang='lat' dir='ltr'><strong>arbitrio</strong></span> <span class='ocrx_word' id='word_1_152' title='bbox 815 2530 935 2603; x_wconf 84' lang='lat' dir='ltr'><strong>crmcta</strong></span> <span class='ocrx_word' id='word_1_153' title='bbox 956 2546 1092 2621; x_wconf 80' lang='lat' dir='ltr'><strong>gerebat</strong></span> <span class='ocrx_word' id='word_1_154' title='bbox 1109 2543 1172 2605; x_wconf 88' lang='lat' dir='ltr'><strong>sub</strong></span> <span class='ocrx_word' id='word_1_155' title='bbox 1191 2544 1339 2620; x_wconf 66' lang='lat' dir='ltr'><strong>diberio,</strong></span> <span class='ocrx_word' id='word_1_156' title='bbox 1355 2548 1391 2608; x_wconf 89' lang='lat' dir='ltr'><strong>et</strong></span> 
     </span>
     <span class='ocr_line' id='line_1_23' title="bbox 295 2638 1389 2733; baseline 0.003 -30"><span class='ocrx_word' id='word_1_157' title='bbox 295 2646 454 2717; x_wconf 89' lang='lat' dir='ltr'><strong>nostrum,</strong></span> <span class='ocrx_word' id='word_1_158' title='bbox 478 2638 566 2701; x_wconf 90' lang='lat' dir='ltr'><strong>fictis</strong></span> <span class='ocrx_word' id='word_1_159' title='bbox 586 2647 786 2701; x_wconf 85' lang='lat' dir='ltr'><strong>accusatum</strong></span> <span class='ocrx_word' id='word_1_160' title='bbox 810 2640 1013 2719; x_wconf 88' lang='lat' dir='ltr'><strong>criminibus,</strong></span> <span class='ocrx_word' id='word_1_161' title='bbox 1032 2641 1255 2708; x_wconf 87' lang='lat' dir='ltr'><strong>damnaverat.</strong></span> <span class='ocrx_word' id='word_1_162' title='bbox 1299 2640 1389 2733; x_wconf 47' lang='lat' dir='ltr'><strong>Con„-</strong></span> 
     </span>
    </p>
   </div>
   <div class='ocr_carea' id='block_1_3' title="bbox 164 2736 965 2824">
    <p class='ocr_par' dir='ltr' id='par_1_5' title="bbox 164 2736 965 2824">
     <span class='ocr_line' id='line_1_24' title="bbox 164 2736 965 2824; baseline -0.014 -15"><span class='ocrx_word' id='word_1_163' title='bbox 164 2790 168 2800; x_wconf 82' lang='lat'>·</span> <span class='ocrx_word' id='word_1_164' title='bbox 294 2740 439 2824; x_wconf 89' lang='lat' dir='ltr'><strong>queritur</strong></span> <span class='ocrx_word' id='word_1_165' title='bbox 452 2739 537 2801; x_wconf 89' lang='lat' dir='ltr'><strong>enim</strong></span> <span class='ocrx_word' id='word_1_166' title='bbox 552 2736 646 2803; x_wconf 89' lang='lat' dir='ltr'><strong>Prol.</strong></span> <span class='ocrx_word' id='word_1_167' title='bbox 663 2737 739 2803; x_wconf 86' lang='lat' dir='ltr'><strong>Lib.</strong></span> <span class='ocrx_word' id='word_1_168' title='bbox 757 2755 812 2801; x_wconf 91' lang='grc' dir='ltr'><strong>ιιι.</strong></span> <span class='ocrx_word' id='word_1_169' title='bbox 825 2740 965 2806; x_wconf 82' lang='grc'><strong>40-43.</strong></span> 
     </span>
    </p>
   </div>
   <div class='ocr_carea' id='block_1_4' title="bbox 292 2838 1387 3431">
    <p class='ocr_par' dir='ltr' id='par_1_6' title="bbox 422 2838 1101 2924">
     <span class='ocr_line' id='line_1_25' title="bbox 422 2838 1101 2924; baseline 0.004 -21"><span class='ocrx_word' id='word_1_170' title='bbox 422 2838 556 2918; x_wconf 85' lang='lat' dir='ltr'><strong>Quodsi</strong></span> <span class='ocrx_word' id='word_1_171' title='bbox 570 2846 751 2903; x_wconf 87' lang='lat' dir='ltr'><strong>accusator</strong></span> <span class='ocrx_word' id='word_1_172' title='bbox 764 2839 854 2903; x_wconf 89' lang='lat' dir='ltr'><strong>alius</strong></span> <span class='ocrx_word' id='word_1_173' title='bbox 870 2840 991 2924; x_wconf 89' lang='lat' dir='ltr'><strong>Sejano</strong></span> <span class='ocrx_word' id='word_1_174' title='bbox 1003 2843 1101 2921; x_wconf 88' lang='lat' dir='ltr'><strong>foret,</strong></span> 
     </span>
    </p>

    <p class='ocr_par' dir='ltr' id='par_1_7' title="bbox 333 2926 1079 3026">
     <span class='ocr_line' id='line_1_26' title="bbox 333 2926 1079 3026; baseline 0.001 -19"><span class='ocrx_word' id='word_1_175' title='bbox 333 3012 337 3019; x_wconf 71' lang='lat'><strong>,</strong></span> <span class='ocrx_word' id='word_1_176' title='bbox 378 2926 383 2938; x_wconf 75' lang='grc'><strong>’</strong></span> <span class='ocrx_word' id='word_1_177' title='bbox 421 2941 460 3007; x_wconf 90' lang='lat' dir='ltr'><strong>Si</strong></span> <span class='ocrx_word' id='word_1_178' title='bbox 474 2940 572 3005; x_wconf 78' lang='lat' dir='ltr'><strong>tosus</strong></span> <span class='ocrx_word' id='word_1_179' title='bbox 587 2940 684 3016; x_wconf 86' lang='lat' dir='ltr'><strong>alius,</strong></span> <span class='ocrx_word' id='word_1_180' title='bbox 695 2939 805 3022; x_wconf 85' lang='lat' dir='ltr'><strong>judex</strong></span> <span class='ocrx_word' id='word_1_181' title='bbox 818 2941 904 3005; x_wconf 86' lang='lat' dir='ltr'><strong>alius</strong></span> <span class='ocrx_word' id='word_1_182' title='bbox 918 2942 1079 3026; x_wconf 89' lang='lat' dir='ltr'><strong>denique;</strong></span> 
     </span>
    </p>

    <p class='ocr_par' dir='ltr' id='par_1_8' title="bbox 292 3039 1387 3431">
     <span class='ocr_line' id='line_1_27' title="bbox 422 3039 1098 3122; baseline 0.006 -19"><span class='ocrx_word' id='word_1_183' title='bbox 422 3040 567 3122; x_wconf 82' lang='lat' dir='ltr'><strong>Dignum</strong></span> <span class='ocrx_word' id='word_1_184' title='bbox 581 3039 701 3104; x_wconf 81' lang='lat' dir='ltr'><strong>faterer</strong></span> <span class='ocrx_word' id='word_1_185' title='bbox 714 3058 789 3105; x_wconf 89' lang='lat' dir='ltr'><strong>esse</strong></span> <span class='ocrx_word' id='word_1_186' title='bbox 804 3060 858 3103; x_wconf 86' lang='lat' dir='ltr'><strong>me</strong></span> <span class='ocrx_word' id='word_1_187' title='bbox 872 3044 977 3107; x_wconf 87' lang='lat' dir='ltr'><strong>tantis</strong></span> <span class='ocrx_word' id='word_1_188' title='bbox 989 3046 1098 3109; x_wconf 89' lang='lat' dir='ltr'><strong>malis.</strong></span> 
     </span>
     <span class='ocr_line' id='line_1_28' title="bbox 336 3128 1386 3231; baseline 0.01 -26"><span class='ocrx_word' id='word_1_189' title='bbox 336 3128 404 3228; x_wconf 83' lang='lat' dir='ltr'><strong>Qui</strong></span> <span class='ocrx_word' id='word_1_190' title='bbox 417 3140 541 3205; x_wconf 83' lang='lat' dir='ltr'><strong>sactum</strong></span> <span class='ocrx_word' id='word_1_191' title='bbox 555 3140 612 3217; x_wconf 88' lang='lat' dir='ltr'><strong>sit,</strong></span> <span class='ocrx_word' id='word_1_192' title='bbox 627 3144 665 3203; x_wconf 91' lang='lat' dir='ltr'><strong>ut</strong></span> <span class='ocrx_word' id='word_1_193' title='bbox 688 3140 722 3203; x_wconf 89' lang='lat' dir='ltr'><strong>iu</strong></span> <span class='ocrx_word' id='word_1_194' title='bbox 743 3140 859 3205; x_wconf 90' lang='lat' dir='ltr'><strong>odium</strong></span> <span class='ocrx_word' id='word_1_195' title='bbox 874 3144 992 3225; x_wconf 86' lang='lat' dir='ltr'><strong>Sejani</strong></span> <span class='ocrx_word' id='word_1_196' title='bbox 1014 3146 1204 3224; x_wconf 87' lang='lat' dir='ltr'><strong>incurreret,</strong></span> <span class='ocrx_word' id='word_1_197' title='bbox 1219 3169 1279 3231; x_wconf 93' lang='lat' dir='ltr'><strong>pro</strong></span> <span class='ocrx_word' id='word_1_198' title='bbox 1295 3155 1386 3215; x_wconf 86' lang='lat' dir='ltr'><strong>certo</strong></span> 
     </span>
     <span class='ocr_line' id='line_1_29' title="bbox 292 3238 1387 3328; baseline 0.004 -18"><span class='ocrx_word' id='word_1_199' title='bbox 292 3242 446 3321; x_wconf 86' lang='lat' dir='ltr'><strong>affirmari</strong></span> <span class='ocrx_word' id='word_1_200' title='bbox 468 3259 535 3304; x_wconf 90' lang='lat' dir='ltr'><strong>non</strong></span> <span class='ocrx_word' id='word_1_201' title='bbox 563 3246 684 3323; x_wconf 80' lang='lat' dir='ltr'><strong>potest.</strong></span> <span class='ocrx_word' id='word_1_202' title='bbox 736 3238 883 3325; x_wconf 84' lang='lat' dir='ltr'><strong>Oonjicit</strong></span> <span class='ocrx_word' id='word_1_203' title='bbox 906 3244 1102 3325; x_wconf 85' lang='lat' dir='ltr'><strong>Scbefferus,</strong></span> <span class='ocrx_word' id='word_1_204' title='bbox 1127 3248 1317 3328; x_wconf 78' lang='lat' dir='ltr'><strong>Pbaedrum,</strong></span> <span class='ocrx_word' id='word_1_205' title='bbox 1344 3252 1387 3314; x_wconf 89' lang='lat' dir='ltr'><strong>ab</strong></span> 
     </span>
     <span class='ocr_line' id='line_1_30' title="bbox 293 3341 1387 3431; baseline 0.008 -24"><span class='ocrx_word' id='word_1_206' title='bbox 293 3348 445 3429; x_wconf 81' lang='lat' dir='ltr'><strong>Augusto</strong></span> <span class='ocrx_word' id='word_1_207' title='bbox 465 3342 617 3408; x_wconf 86' lang='lat' dir='ltr'><strong>libertate</strong></span> <span class='ocrx_word' id='word_1_208' title='bbox 641 3341 811 3423; x_wconf 82' lang='lat' dir='ltr'><strong>donatum,</strong></span> <span class='ocrx_word' id='word_1_209' title='bbox 830 3345 938 3426; x_wconf 89' lang='lat' dir='ltr'><strong>primo</strong></span> <span class='ocrx_word' id='word_1_210' title='bbox 956 3346 1160 3431; x_wconf 82' lang='lat' dir='ltr'><strong>Augustum,</strong></span> <span class='ocrx_word' id='word_1_211' title='bbox 1183 3356 1216 3414; x_wconf 90' lang='lat' dir='ltr'><strong>et</strong></span> <span class='ocrx_word' id='word_1_212' title='bbox 1238 3370 1320 3415; x_wconf 88' lang='lat' dir='ltr'><strong>mox</strong></span> <span class='ocrx_word' id='word_1_213' title='bbox 1345 3370 1387 3416; x_wconf 88' lang='lat' dir='ltr'><strong>eo</strong></span> 
     </span>
    </p>
   </div>
   <div class='ocr_carea' id='block_1_5' title="bbox 273 3435 1386 3636">
    <p class='ocr_par' dir='ltr' id='par_1_9' title="bbox 273 3435 1386 3636">
     <span class='ocr_line' id='line_1_31' title="bbox 289 3435 1386 3534; baseline 0.004 -22"><span class='ocrx_word' id='word_1_214' title='bbox 289 3435 446 3512; x_wconf 82' lang='lat' dir='ltr'><strong>defuncto</strong></span> <span class='ocrx_word' id='word_1_215' title='bbox 459 3450 616 3528; x_wconf 88' lang='lat' dir='ltr'><strong>posteros</strong></span> <span class='ocrx_word' id='word_1_216' title='bbox 630 3444 721 3510; x_wconf 86' lang='lat' dir='ltr'><strong>illius</strong></span> <span class='ocrx_word' id='word_1_217' title='bbox 736 3463 868 3511; x_wconf 89' lang='lat' dir='ltr'><strong>amasse</strong></span> <span class='ocrx_word' id='word_1_218' title='bbox 883 3452 917 3509; x_wconf 90' lang='lat' dir='ltr'><strong>et</strong></span> <span class='ocrx_word' id='word_1_219' title='bbox 931 3449 1096 3515; x_wconf 87' lang='lat' dir='ltr'><strong>coluisse:</strong></span> <span class='ocrx_word' id='word_1_220' title='bbox 1112 3469 1201 3534; x_wconf 91' lang='lat' dir='ltr'><strong>quos</strong></span> <span class='ocrx_word' id='word_1_221' title='bbox 1214 3451 1386 3516; x_wconf 86' lang='lat' dir='ltr'><strong>inteream</strong></span> 
     </span>
     <span class='ocr_line' id='line_1_32' title="bbox 273 3544 1386 3636; baseline 0.008 -27"><span class='ocrx_word' id='word_1_222' title='bbox 273 3598 278 3609; x_wconf 89' lang='lat'>.</span> <span class='ocrx_word' id='word_1_223' title='bbox 290 3549 436 3627; x_wconf 82' lang='lat' dir='ltr'><strong>extiterit</strong></span> <span class='ocrx_word' id='word_1_224' title='bbox 449 3546 590 3632; x_wconf 89' lang='lat' dir='ltr'><strong>primum</strong></span> <span class='ocrx_word' id='word_1_225' title='bbox 604 3544 764 3631; x_wconf 81' lang='lat' dir='ltr'><strong>Agrippa,</strong></span> <span class='ocrx_word' id='word_1_226' title='bbox 779 3546 899 3611; x_wconf 88' lang='lat' dir='ltr'><strong>deinde</strong></span> <span class='ocrx_word' id='word_1_227' title='bbox 913 3548 1144 3629; x_wconf 88' lang='lat' dir='ltr'><strong>Germanicus,</strong></span> <span class='ocrx_word' id='word_1_228' title='bbox 1156 3572 1223 3616; x_wconf 91' lang='lat' dir='ltr'><strong>nou</strong></span> <span class='ocrx_word' id='word_1_229' title='bbox 1235 3552 1386 3636; x_wconf 84' lang='lat' dir='ltr'><strong>potuisse</strong></span> 
     </span>
    </p>
   </div>
   <div class='ocr_carea' id='block_1_6' title="bbox 782 3728 893 3779">
    <p class='ocr_par' dir='ltr' id='par_1_10' title="bbox 782 3728 893 3779">
     <span class='ocr_line' id='line_1_33' title="bbox 782 3728 893 3779; baseline 0.018 -2"><span class='ocrx_word' id='word_1_230' title='bbox 782 3728 893 3779; x_wconf 79' lang='lat' dir='ltr'>NOTAE</span> 
     </span>
    </p>
   </div>
   <div class='ocr_carea' id='block_1_7' title="bbox 287 3836 1386 4277">
    <p class='ocr_par' dir='ltr' id='par_1_11' title="bbox 287 3836 1386 4277">
     <span class='ocr_line' id='line_1_34' title="bbox 321 3836 1386 3895; baseline 0.007 -8"><span class='ocrx_word' id='word_1_231' title='bbox 321 3846 331 3872; x_wconf 86' lang='lat'><strong>¹</strong></span> <span class='ocrx_word' id='word_1_232' title='bbox 348 3839 404 3888; x_wconf 89' lang='lat' dir='ltr'><strong>Lib.</strong></span> <span class='ocrx_word' id='word_1_233' title='bbox 415 3852 458 3889; x_wconf 89' lang='grc' dir='ltr'>ιιι,</span> <span class='ocrx_word' id='word_1_234' title='bbox 468 3836 520 3887; x_wconf 80' lang='lat' dir='ltr'><strong>fab.</strong></span> <span class='ocrx_word' id='word_1_235' title='bbox 533 3842 605 3888; x_wconf 73' lang='lat' dir='ltr'><strong>lus.</strong></span> <span class='ocrx_word' id='word_1_236' title='bbox 616 3844 655 3889; x_wconf 76' lang='grc'><strong>39.</strong></span> <span class='ocrx_word' id='word_1_237' title='bbox 858 3857 924 3893; x_wconf 81' lang='lat' dir='ltr'><strong>serr.</strong></span> <span class='ocrx_word' id='word_1_238' title='bbox 938 3844 956 3892; x_wconf 93' lang='grc'><strong>1.</strong></span> <span class='ocrx_word' id='word_1_239' title='bbox 974 3857 1004 3893; x_wconf 90' lang='grc' dir='ltr'><strong>ιι.</strong></span> <span class='ocrx_word' id='word_1_240' title='bbox 1017 3858 1041 3892; x_wconf 85' lang='lat' dir='ltr'><strong>c.</strong></span> <span class='ocrx_word' id='word_1_241' title='bbox 1057 3848 1097 3893; x_wconf 84' lang='lat' dir='ltr'><strong>lc.</strong></span> <span class='ocrx_word' id='word_1_242' title='bbox 1121 3850 1151 3893; x_wconf 88' lang='lat' dir='ltr'><strong>nt</strong></span> <span class='ocrx_word' id='word_1_243' title='bbox 1171 3844 1290 3893; x_wconf 80' lang='lat' dir='ltr'><strong>omittam</strong></span> <span class='ocrx_word' id='word_1_244' title='bbox 1310 3843 1386 3895; x_wconf 79' lang='lat' dir='ltr'><strong>aiios.</strong></span> 
     </span>
     <span class='ocr_line' id='line_1_35' title="bbox 320 3912 1386 3981; baseline 0.008 -20"><span class='ocrx_word' id='word_1_245' title='bbox 320 3919 333 3945; x_wconf 85' lang='lat'>⁸</span> <span class='ocrx_word' id='word_1_246' title='bbox 349 3912 494 3963; x_wconf 79' lang='lat' dir='ltr'><strong>Sebefferns</strong></span> <span class='ocrx_word' id='word_1_247' title='bbox 513 3913 539 3961; x_wconf 91' lang='lat' dir='ltr'><strong>iu</strong></span> <span class='ocrx_word' id='word_1_248' title='bbox 551 3912 605 3963; x_wconf 81' lang='lat' dir='ltr'><strong>vit.</strong></span> <span class='ocrx_word' id='word_1_249' title='bbox 624 3914 737 3964; x_wconf 79' lang='lat' dir='ltr'><strong>Phaedri.</strong></span> <span class='ocrx_word' id='word_1_250' title='bbox 771 3917 816 3967; x_wconf 90' lang='grc'><strong>01.</strong></span> <span class='ocrx_word' id='word_1_251' title='bbox 856 3918 971 3968; x_wconf 77' lang='lat' dir='ltr'><strong>Morbos.</strong></span> <span class='ocrx_word' id='word_1_252' title='bbox 990 3920 1023 3969; x_wconf 86' lang='lat' dir='ltr'><strong>de</strong></span> <span class='ocrx_word' id='word_1_253' title='bbox 1043 3918 1165 3968; x_wconf 82' lang='lat' dir='ltr'><strong>Patavin.</strong></span> <span class='ocrx_word' id='word_1_254' title='bbox 1191 3919 1259 3967; x_wconf 77' lang='lat' dir='ltr'><strong>livii</strong></span> <span class='ocrx_word' id='word_1_255' title='bbox 1280 3934 1307 3981; x_wconf 85' lang='lat' dir='ltr'><strong>p.</strong></span> <span class='ocrx_word' id='word_1_256' title='bbox 1330 3922 1386 3969; x_wconf 77' lang='lat'><strong>15⁷.</strong></span> 
     </span>
     <span class='ocr_line' id='line_1_36' title="bbox 289 3989 1383 4057; baseline 0.004 -18"><span class='ocrx_word' id='word_1_257' title='bbox 289 3990 437 4039; x_wconf 83' lang='lat' dir='ltr'><strong>Borricbius</strong></span> <span class='ocrx_word' id='word_1_258' title='bbox 448 3992 481 4043; x_wconf 89' lang='lat' dir='ltr'><strong>de</strong></span> <span class='ocrx_word' id='word_1_259' title='bbox 491 3989 568 4041; x_wconf 79' lang='lat' dir='ltr'><strong>Poe&#39;t.</strong></span> <span class='ocrx_word' id='word_1_260' title='bbox 580 4004 606 4055; x_wconf 92' lang='lat' dir='ltr'><strong>p.</strong></span> <span class='ocrx_word' id='word_1_261' title='bbox 618 3996 658 4039; x_wconf 81' lang='lat'><strong>55.</strong></span> <span class='ocrx_word' id='word_1_262' title='bbox 670 3992 771 4055; x_wconf 77' lang='lat' dir='ltr'><strong>Lipsius</strong></span> <span class='ocrx_word' id='word_1_263' title='bbox 783 3994 816 4043; x_wconf 86' lang='lat' dir='ltr'><strong>ad</strong></span> <span class='ocrx_word' id='word_1_264' title='bbox 855 3992 939 4056; x_wconf 76' lang='lat' dir='ltr'><strong>buret</strong></span> <span class='ocrx_word' id='word_1_265' title='bbox 947 3994 1095 4057; x_wconf 75' lang='lat' dir='ltr'><strong>ambiguus,</strong></span> <span class='ocrx_word' id='word_1_266' title='bbox 1104 3992 1241 4041; x_wconf 82' lang='lat' dir='ltr'><strong>Phaedrum</strong></span> <span class='ocrx_word' id='word_1_267' title='bbox 1249 3993 1383 4043; x_wconf 79' lang='lat' dir='ltr'><strong>libertum</strong></span> 
     </span>
     <span class='ocr_line' id='line_1_37' title="bbox 288 4064 1281 4132; baseline 0.004 -17"><span class='ocrx_word' id='word_1_268' title='bbox 288 4065 381 4115; x_wconf 85' lang='lat' dir='ltr'><strong>Senec.</strong></span> <span class='ocrx_word' id='word_1_269' title='bbox 393 4064 497 4115; x_wconf 88' lang='lat' dir='ltr'><strong>Consol.</strong></span> <span class='ocrx_word' id='word_1_270' title='bbox 507 4065 601 4129; x_wconf 88' lang='lat' dir='ltr'><strong>Polyb.</strong></span> <span class='ocrx_word' id='word_1_271' title='bbox 613 4081 670 4130; x_wconf 83' lang='lat' dir='ltr'><strong>cap.</strong></span> <span class='ocrx_word' id='word_1_272' title='bbox 683 4072 722 4117; x_wconf 74' lang='lat'><strong>27.</strong></span> <span class='ocrx_word' id='word_1_273' title='bbox 732 4069 817 4119; x_wconf 89' lang='lat' dir='ltr'><strong>Bncb·</strong></span> <span class='ocrx_word' id='word_1_274' title='bbox 854 4066 967 4132; x_wconf 78' lang='lat' dir='ltr'><strong>Augusti</strong></span> <span class='ocrx_word' id='word_1_275' title='bbox 979 4069 1021 4119; x_wconf 84' lang='lat' dir='ltr'><strong>rel</strong></span> <span class='ocrx_word' id='word_1_276' title='bbox 1031 4069 1127 4119; x_wconf 80' lang='lat' dir='ltr'><strong>Tiberii</strong></span> <span class='ocrx_word' id='word_1_277' title='bbox 1140 4070 1281 4132; x_wconf 82' lang='lat' dir='ltr'><strong>appellans.</strong></span> 
     </span>
     <span class='ocr_line' id='line_1_38' title="bbox 289 4139 1140 4207; baseline 0.004 -18"><span class='ocrx_word' id='word_1_278' title='bbox 289 4154 366 4189; x_wconf 87' lang='lat' dir='ltr'><strong>uerus</strong></span> <span class='ocrx_word' id='word_1_279' title='bbox 379 4139 454 4189; x_wconf 86' lang='lat' dir='ltr'><strong>Orat.</strong></span> <span class='ocrx_word' id='word_1_280' title='bbox 469 4147 489 4190; x_wconf 89' lang='lat' dir='ltr'><strong>t.</strong></span> <span class='ocrx_word' id='word_1_281' title='bbox 505 4155 537 4191; x_wconf 87' lang='grc' dir='ltr'><strong>ιι.</strong></span> <span class='ocrx_word' id='word_1_282' title='bbox 557 4141 604 4191; x_wconf 87' lang='lat' dir='ltr'><strong>Or.</strong></span> <span class='ocrx_word' id='word_1_283' title='bbox 615 4146 640 4191; x_wconf 79' lang='lat'><strong>2.</strong></span> <span class='ocrx_word' id='word_1_284' title='bbox 662 4143 720 4192; x_wconf 84' lang='lat' dir='ltr'><strong>coll.</strong></span> <span class='ocrx_word' id='word_1_285' title='bbox 737 4142 815 4207; x_wconf 83' lang='lat' dir='ltr'><strong>Fabri</strong></span> <span class='ocrx_word' id='word_1_286' title='bbox 888 4142 900 4177; x_wconf 66' lang='lat' dir='ltr'><strong>b</strong></span> <span class='ocrx_word' id='word_1_287' title='bbox 915 4143 991 4206; x_wconf 84' lang='lat' dir='ltr'><strong>Disp.</strong></span> <span class='ocrx_word' id='word_1_288' title='bbox 1003 4142 1049 4194; x_wconf 86' lang='lat' dir='ltr'><strong>cit.</strong></span> <span class='ocrx_word' id='word_1_289' title='bbox 1058 4159 1083 4206; x_wconf 88' lang='lat' dir='ltr'><strong>p.</strong></span> <span class='ocrx_word' id='word_1_290' title='bbox 1092 4156 1140 4192; x_wconf 81' lang='grc' dir='ltr'><strong>ιιι.</strong></span> 
     </span>
     <span class='ocr_line' id='line_1_39' title="bbox 287 4214 1200 4277; baseline 0.004 -12"><span class='ocrx_word' id='word_1_291' title='bbox 287 4215 363 4265; x_wconf 74' lang='lat' dir='ltr'><strong>tues.</strong></span> <span class='ocrx_word' id='word_1_292' title='bbox 380 4226 403 4264; x_wconf 85' lang='lat' dir='ltr'><strong>r.</strong></span> <span class='ocrx_word' id='word_1_293' title='bbox 424 4214 555 4277; x_wconf 61' lang='lat' dir='ltr'><strong>Pharium</strong></span> <span class='ocrx_word' id='word_1_294' title='bbox 572 4218 640 4269; x_wconf 81' lang='lat' dir='ltr'><strong>etA.</strong></span> <span class='ocrx_word' id='word_1_295' title='bbox 658 4217 759 4270; x_wconf 83' lang='lat' dir='ltr'><strong>Sebotti</strong></span> <span class='ocrx_word' id='word_1_296' title='bbox 770 4218 815 4270; x_wconf 88' lang='lat' dir='ltr'><strong>ob·</strong></span> <span class='ocrx_word' id='word_1_297' title='bbox 886 4224 898 4253; x_wconf 70' lang='lat'>⁶</span> <span class='ocrx_word' id='word_1_298' title='bbox 914 4217 1041 4271; x_wconf 76' lang='lat' dir='ltr'><strong>Prottib.</strong></span> <span class='ocrx_word' id='word_1_299' title='bbox 1053 4233 1096 4271; x_wconf 90' lang='grc' dir='ltr'><strong>ιιι.</strong></span> <span class='ocrx_word' id='word_1_300' title='bbox 1108 4221 1200 4269; x_wconf 73' lang='grc'><strong>4123.</strong></span> 
     </span>
    </p>
   </div>
   <div class='ocr_carea' id='block_1_8' title="bbox 0 0 1600 4967">
    <p class='ocr_par' dir='ltr' id='par_1_12' title="bbox 0 0 1600 4967">
     <span class='ocr_line' id='line_1_40' title="bbox 0 0 1600 4967; baseline 0 2"><span class='ocrx_word' id='word_1_301' title='bbox 0 0 1600 4967; x_wconf 95' lang='lat' dir='ltr'><strong> </strong></span> 
     </span>
    </p>
   </div>
  </div>
 </body>
</html>
