3192 4967
646 481 795 530 nanuun
818 464 871 531 38»

210 623 360 701 Pastum,
375 624 611 718 imprudentem
623 625 752 689 monuit
765 624 925 704 Haedum,
940 644 981 690 ne
995 626 1119 691 ostium

210 724 379 807 Aperiret,
394 724 520 792 multas
531 726 623 811 quud
638 727 740 793 sciret
754 726 989 805 stabulatores

210 833 393 900 Circumire
406 855 573 920 pecorum
618 836 665 901 Ut
675 838 769 915 abiit,
784 837 918 903 advenit
931 838 1062 920 Lupus,
1282 923 1285 929 1

206 927 422 1001 'Assimnlaus
435 956 555 1001 vocem
568 938 701 1015 matria
710 943 743 1003 et
750 938 848 1023 jubet
861 938 950 1003 fores
1285 940 1306 1000 5

210 1036 283 1099 Sibi
297 1038 453 1102 reserari:
475 1043 512 1103 ut
526 1038 661 1104 Haedns
675 1040 815 1117 audivit,
832 1040 931 1124 Lupo
1036 1112 1038 1117 ,

209 1136 277 1200 Per
289 1138 406 1202 rimam
419 1145 579 1221 spectans
593 1141 719 1223 inquit:
742 1139 855 1205 Audio
871 1159 988 1205 sonum

210 1236 344 1315 Matris,
358 1237 417 1302 sed
431 1240 537 1303 fallax
551 1246 649 1323 atque
663 1241 820 1305 inimicus
834 1259 870 1304 es
884 1241 986 1319 mihi3

210 1336 280 1401 Sub
291 1358 378 1404 voce
391 1342 507 1405 matris
519 1352 670 1407 nostrum
684 1342 807 1424 quaeris
821 1341 1016 1423 sanguinem

172 1489 177 1495 .
207 1437 340 1517 Potare,
354 1445 388 1504 et
401 1447 513 1506 nostra
528 1442 625 1506 carne
640 1442 766 1506 satiari.
811 1440 909 1506 Vale.

251 1541 342 1605 Laus
354 1561 474 1625 magna
486 1544 585 1621 natis,
600 1542 741 1626 obsequi
756 1542 959 1623 parentibus.

701 1724 809 1787 uuum

238 1850 255 1895 t
272 1845 458 1910 Imprudeutm]
473 1847 650 1910 Ignarumnlii.
681 1847 735 1897 Sed
775 1848 981 1902 lenimenta
994 1852 1056 1902 VJ.
1074 1847 1284 1913 ‘imprudentia’

206 1922 364 1985 imprudentes
381 1937 459 1973 rm
474 1930 554 1975 aetate
572 1924 655 1974 teneri
665 1930 736 1976 aunt.

502 2235 517 2252 ἱ
616 2237 892 2259 —

581 2478 743 2543 FABULA
778 2483 927 2545 XXXIII.

453 2686 651 2765 ruurnn
680 2700 742 2765 nn
775 2666 1004 2806 sannaus.

205 2898 379 2962 Snurnus
394 2899 431 2963 in
444 2899 574 2963 aedibus
589 2899 765 2983 eujusdam
780 2899 943 2981 Pauperis

202 2996 327 3062 Venire
343 3018 472 3081 semper
486 2999 528 3062 ud
542 3017 687 3062 mensam
703 3005 934 3077 consueverat,

203 3098 248 3162 Et
262 3098 339 3161 inde
351 3100 449 3163 micis
468 3100 673 3181 pascebatur
686 3100 830 3181 largiter.

202 3197 311 3262 Dives
326 3201 403 3280 post
417 3200 517 3281 paulo
530 3198 652 3277 factus,
665 3202 764 3265 irasci
777 3200 897 3284 incipit

203 3298 365 3381 Serpenti,
379 3303 412 3362 et
425 3300 575 3364 vulnerat
588 3320 723 3367 secure:
745 3288 896 3385 tempore

201 3396 260 3463 Ad
272 3400 446 3483 pristinam
460 3401 653 3484 interposito
668 3407 848 3486 egestatem
863 3402 957 3466 redit.

202 3499 270 3565 Pro
286 3506 375 3565 sorte
388 3501 483 3566 varia
497 3500 672 3585 Serpentis
685 3508 864 3586 postquam
878 3503 970 3569 videt

204 3600 384 3665 Fortunam
397 3602 517 3667 mutari
531 3620 638 3679 suam,
653 3602 773 3666 blande
787 3604 883 3687 petit,
1001 3646 1004 3653 ·

203 3701 361 3783 Ignoscat
368 3707 412 3766 'ut
424 3702 595 3786 peceanti3
618 3703 672 3767 cni
687 3702 832 3787 Serpens
846 3704 914 3773 ait:

201 3800 252 3863 Te
265 3803 446 3884 poenitebit
460 3803 606 3881 sceleris,
620 3822 727 3885 usque
742 3803 821 3868 dnm
833 3824 909 3869 mea

203 3898 352 3968 cicatrix
367 3903 483 3969 clausa
496 3903 616 3984 fuerim
638 3907 673 3971 at
687 3910 801 3973 tamen
815 3904 942 3988 optima

204 4002 289 4069 Fide
304 4023 358 4068 me
372 4005 515 4087 posthae
529 4005 598 4070 nuli
611 4007 756 4072 amicum
769 4008 912 4073 credere.

697 4184 804 4237 NO'I'AE

332 4292 423 4344 Habet
447 4292 562 4345 fabulam
579 4294 672 4346 Rimie.
688 4288 733 4347 ut.
745 4308 789 4347 nr.
800 4294 854 4347 fab.
866 4300 905 4350 10.
916 4301 944 4347 et
953 4296 1037 4349 Auen.
1048 4296 1098 4348 fab.
1109 4302 1151 4349 tt.
1201 4338 1205 4345 ,
