3192 4967
557 458 562 495 r
650 446 699 499 os
722 447 894 499 sutoro.
1272 421 1327 501 sc>

217 590 363 672 faciaut3
385 594 424 655 ut
438 590 488 656 sic
500 595 625 655 mature
638 590 775 659 vinetis
791 597 826 657 et
842 590 1021 679 probitatis
1034 592 1215 680 praeceptis
1229 599 1318 658 teue-

218 712 290 757 ram
305 698 447 757 mentem
461 693 652 796 imbuerem.

277 892 465 979 christoph.
481 892 644 959 cellarius
657 894 692 958 iu
707 892 807 958 Garis
820 892 1058 977 posterioribus
1071 892 1113 957 (le
1129 891 1267 958 Barba·
1311 928 1317 942 ·

669 994 792 1074 rismis,
808 998 869 1059 &c

261 1118 438 1199 Pbaedrus,
450 1102 597 1203 Augusti
613 1120 777 1199 Libertus,
792 1118 931 1184 Tiberio
945 1138 1048 1205 remp.
1060 1119 1333 1201 administrante.

220 1221 333 1311 Sejaui
349 1222 440 1300 odio,
455 1221 587 1287 fortuna
601 1224 745 1288 adversa
760 1222 983 1301 conflictatus,
998 1223 1132 1306 scripsit
1155 1224 1319 1306 politissi-

217 1344 292 1389 mas
305 1323 455 1389 Fabulae
467 1329 538 1388 tum
550 1324 666 1389 ultioni
677 1324 740 1401 sui,
750 1331 823 1388 tum
834 1325 935 1389 etiam
947 1324 1078 1404 solatio,
1089 1322 1181 1407 quod
1192 1329 1332 1390 ulium·-

170 1440 179 1445 “
218 1446 284 1511 que
299 1446 342 1490 ex
356 1426 523 1509 prooemio
539 1425 614 1491 Lib.
631 1442 686 1490 111.
701 1431 852 1511 apparet.
897 1424 1051 1509 Scioppii
1070 1425 1245 1510 judicium,
1258 1429 1318 1511 qui

217 1526 336 1592 lusam.
351 1548 428 1611 pag.
444 1512 496 1593 69.
521 1527 555 1592 in
580 1528 726 1593 Phaedro
749 1530 865 1593 nescio
881 1526 961 1611 quid
984 1526 1118 1591 barbari
1133 1528 1330 1593 subudum--

217 1632 281 1707 tur,
296 1648 361 1694 ooo
374 1628 480 1713 magis
495 1648 531 1693 se
546 1629 654 1694 doctis
669 1630 837 1713 probavit,
853 1649 953 1713 quam
966 1629 1069 1707 illius,
1085 1629 1143 1714 qui
1162 1629 1197 1694 iu
1218 1629 1319 1695 Liuio

217 1730 433 1815 deprehendit
453 1723 729 1797 Patavinitatem.
774 1732 968 1815 Principem
986 1750 1065 1813 crgo
1080 1731 1191 1795 locam
1205 1730 1239 1793 iu
1252 1728 1318 1797 boc

217 1833 343 1899 saeculo
357 1836 393 1897 et
405 1834 594 1918 proximum
615 1832 732 1899 Poetis
746 1830 939 1917 Augusteis,
952 1852 1021 1898 uon
1039 1837 1168 1899 tautum
1187 1839 1330 1933 tempo·

215 1934 263 1998 ris
276 1936 415 2014 ratione,
429 1955 497 2021 quo
511 1936 608 2014 vixit,
627 1935 687 2001 sed
702 1936 802 2001 etiam
816 1935 896 2019 styli
911 1940 1039 2013 ornatu,
1050 1954 1163 2018 ,quem
1176 1934 1335 2000 Fabulis..

215 2037 390 2119 expressit,
402 2036 475 2124 jare
487 2036 556 2121 ipsi
570 2038 755 2122 meritoque
769 2036 987 2120 assignamus.

238 2216 247 2245 ⁸
343 2216 401 2283 Jo.
417 2214 574 2283 Albertus
589 2216 768 2283 Fabricius
782 2220 817 2282 iu
831 2218 1044 2284 Bibliotheca
1057 2216 1188 2284 Latina.

259 2350 422 2415 Pbaedrus
435 2351 564 2430 lbrax,
583 2351 727 2433 Augusti
749 2350 965 2433 Imperatoris
991 2350 1154 2428 Libertus,
1175 2350 1239 2413 sub
1258 2349 1334 2415 Ti·-

213 2451 309 2517 herio
333 2452 538 2534 Imperatore
562 2452 714 2516 versibus
739 2449 880 2514 mnariis
908 2447 1121 2514 suavissimis
1145 2452 1332 2535 expressit.

211 2552 319 2617 libros
331 2551 478 2637 quinque
494 2547 698 2616 Fabularum
711 2550 936 2633 AEsopiarum.

217 2788 222 2801 ι
275 2747 403 2816 Paulus
416 2748 624 2817 Golomssius
638 2750 674 2815 iu
686 2748 1043 2815 Animadversionibus
1056 2749 1100 2815 ad
1113 2748 1257 2835 Gyraldi
1270 2778 1275 2813 :

511 2851 603 2918 Dial.
620 2869 686 2915 vrr.
699 2850 880 2936 despuitis,
895 2871 931 2935 p.
944 2850 1019 2915 402.
1034 2906 1039 2912 .
1303 2906 1309 2915 .

215 2948 476 3117 dn'fsersissimus
498 2952 556 3017 ille
581 2950 786 3017 Fabularum
808 2952 1027 3037 AEsopiarum
1049 2950 1195 3015 imitator
1215 2948 1329 3016 Phae·-

226 3244 228 3249 ’
259 3246 264 3251 “
346 3326 349 3331 ¹
422 3237 589 3305 Phaedrus
604 3239 678 3323 ipse
693 3236 734 3301 de
748 3254 784 3302 se
798 3235 856 3301 lib.
872 3235 991 3301 v.iab.
1005 3236 1036 3301 6.
1051 3236 1106 3303 42.

301 3408 388 3422 --
403 3373 527 3439 chartis
541 3392 659 3437 nomen
668 3372 839 3463 ¹victurum
852 3371 947 3462 meis,
964 3431 968 3438 x

302 3474 431 3541 Ietinis
446 3474 525 3537 dum
537 3474 688 3537 mauebit
698 3474 842 3558 pretium
856 3472 970 3537 literis.
1049 3469 1054 3478 '

220 3626 223 3632 ⁶
292 3670 477 3779 Particulo,
493 3670 631 3756 aliique,
648 3670 691 3737 de
706 3674 829 3757 quibus
843 3672 1009 3741 Phaedrus
1017 3674 1115 3745 Prot.
1138 3676 1197 3747 lib.
1211 3693 1245 3740 v.
1278 3714 1282 3717 -
1301 3734 1306 3743 .

253 3796 397 3867 ‘Vestras
410 3801 445 3867 in
459 3801 594 3866 chortes
608 3801 710 3865 verba
724 3801 911 3867 transfertis
923 3823 1009 3868 mea.

452 3999 617 4069 Martialis
632 4018 687 4066 rrr.
710 4002 809 4089 Epig.
824 4002 879 4070 20.
901 4003 943 4069 de
956 4000 1074 4070 (lailo-
1133 3996 1137 4004 ’

215 4140 220 4155 “
254 4134 314 4203 An
328 4136 501 4203 oemulatur
515 4134 658 4219 improbi
665 4134 766 4219 jocos
781 4135 941 4207 Phaedril
1041 4152 1045 4156 ·
