3192 4967
625 432 693 484 ,ιιι
719 430 889 483 remorto.
1269 414 1311 481 32

212 724 220 732 ,
407 636 410 641 ’
521 626 622 719 Lair.
638 645 818 733 pignorio
832 647 932 733 epist
945 647 1000 715 re.

215 740 716 865 2·,‚-Etiamego2venirepomim
729 786 762 847 in
782 784 950 849 literarum
962 784 1131 869 plausum,
1158 779 1314 849 velotio-

220 882 333 963 quitur
344 882 614 965 elegantissimus
626 886 791 954 fabulator
806 887 982 954 Phaedrus.

258 1110 263 1119 ·
351 1165 356 1171 Ι
427 1086 583 1153 Schottire
597 1087 735 1155 Observ.
752 1088 937 1155 Humoner.
953 1104 993 1153 ιι.
1008 1108 1039 1154 o.
1053 1086 1106 1153 19.

260 1218 409 1323 Adjioio,
431 1223 637 1305 pereruditos
650 1226 807 1291 extitisse
815 1224 958 1292 libertos
976 1223 1114 1302 Tiberii,
1125 1220 1314 1297 Phaedrum,

218 1320 434 1406 AEsopiarum
448 1324 598 1409 lepidum
613 1329 820 1411 scriptorem,
828 1332 887 1395 tro.

508 1527 696 1612 Sohoppius
710 1530 745 1593 in
760 1526 929 1592 Pamdox.
943 1527 1029 1592 liter.

212 1658 222 1665 '
263 1656 425 1723 Similiter
439 1659 531 1743 apud
547 1660 736 1741 Plraedrum‚
752 1660 972 1727 cultissimum
984 1656 1167 1724 fabularum
1176 1652 1316 1735 scripto·

211 1772 300 1837 rem,
321 1758 472 1842 legimus.

428 1978 432 1985 ’
472 1964 565 2031 Idem
578 1967 611 2031 in
628 1966 771 2033 Infamia
783 1966 949 2045 Femieni,
970 1986 1005 2049 p.
1020 1962 1073 2027 86.

263 2096 350 2162 Ειιιιι
362 2103 474 2165 temen
485 2098 902 2190 scriptoremffhaedrum)
911 2102 1004 2167 velut
1014 2099 1116 2163 domo
1129 2093 1318 2167 barbarum,

219 2204 255 2262 et
270 2220 421 2266 sermone
436 2221 504 2266 non
518 2222 635 2287 parum
656 2224 748 2291 eaepe
762 2205 942 2288 plebeium,
963 2220 1031 2267 non
1053 2198 1121 2263 nisi
1146 2214 1225 2261 eum
1248 2191 1316 2262 dis·

219 2300 355 2365 crimine
370 2320 410 2366 ac
425 2301 560 2369 delectu
574 2303 771 2371 imitandum
783 2305 943 2386 intelligo.
1007 2366 1013 2376 ,
1050 2301 1055 2307 ’

533 2468 628 2533 Idem
643 2471 678 2533 in
694 2467 944 2534 Conmltatione
959 2483 1000 2531 ιι.

220 2672 225 2679 .
263 2616 446 2692 ¹Phaedrum
462 2621 570 2681 tamen
583 2622 618 2680 et
633 2616 807 2701 Hyginum
827 2617 915 2683 velot
929 2614 1104 2698 elegantiae
1118 2614 1227 2678 minus
1248 2616 1319 2675 etu-

220 2716 483 2813 diososo'plebeia
497 2717 687 2800 plusculum
701 2737 884 2802 usurpasse
897 2723 1047 2803 apparet.

553 2915 747 2982 Demetems
762 2914 807 2980 ad
820 2915 995 2981 Roeinum.

213 3080 226 3087 -
263 3050 426 3118 Plaeerus
445 3052 572 3130 mrax,
593 3052 721 3117 meere
748 3030 899 3128 libertis,
922 3049 1108 3115 mmmm
1131 3047 1319 3112 luculentus

212 3152 377 3236 scriptor.

347 3333 569 3419 Tranquillus
585 3334 743 3401 Faberio
759 3334 862 3403 Praef.
878 3336 921 3402 od
936 3335 1050 3402 Notae
1065 3334 1200 3401 Phaedr.
1250 3350 1255 3359 ·
1302 3303 1306 3311 ,

267 3466 320 3532 De
335 3466 467 3533 dicendi
482 3489 598 3552 genere
613 3472 642 3536 si
656 3490 753 3553 roges
774 3470 856 3554 quid
867 3470 1016 3547 sentiam,
1029 3468 1140 3535 dicam
1152 3466 1320 3552 equidem,

223 3574 258 3635 et
270 3569 368 3653 quasi
382 3588 435 3633 me
451 3585 566 3635 censor
578 3579 721 3655 rogaret,
744 3571 909 3637 exanimi
929 3571 1100 3635 sententia.
1144 3568 1322 3635 Neminem

223 3670 362 3735 arbitror
378 3690 399 3734 o
413 3669 502 3736 felici
515 3672 575 3739 ille
583 3673 729 3739 Terentii
739 3675 954 3759 simplicitate
969 3674 1108 3758 propius
1120 3673 1248 3736 abesse.
1277 3668 1322 3732 Et

223 3870 371 3937 Terentii
401 3892 530 3959 semper
559 3876 726 3943 lenitatem
754 3878 862 3962 magis
888 3878 992 3954 lacto,
1014 3869 1123 3961 quem
1136 3869 1321 3936 Phaedrus:

89 4050 94 4057 ¹
226 3972 317 4055 quod
340 3979 374 4039 et
400 3992 533 4041 neeesse
557 3976 683 4060 fuerat3
705 3998 747 4043 ee
772 3979 861 4044 enim
887 3986 952 4044 est·
968 3976 1197 4062 apologorum,
1220 3962 1322 4055 atque

225 4074 312 4141 adeo
326 4075 524 4143 fabellarum
539 4079 684 4145 omnium
699 4086 840 4161 natura,·
851 4086 889 4147 ut
910 4096 1060 4147 sermone
1080 4092 1147 4141 non
1165 4072 1319 4149 debeant,

224 4174 288 4241 nisi
302 4174 393 4242 facili
404 4175 615 4264 placidoque,
638 4181 784 4249 tractari.
